@online{201873quantummechanical,
  title = {7.3: {{Quantum Mechanical Electric Dipole Hamiltonian}}},
  shorttitle = {7.3},
  date = {2018-09-12T19:25:46Z},
  url = {https://chem.libretexts.org/Bookshelves/Physical_and_Theoretical_Chemistry_Textbook_Maps/Time_Dependent_Quantum_Mechanics_and_Spectroscopy_(Tokmakoff)/07%3A_Interaction_of_Light_and_Matter/7.03%3A_Quantum_Mechanical_Electric_Dipole_Hamiltonian},
  language = {en},
  organization = {Chemistry LibreTexts}
}
% == BibLateX quality report for 201873quantummechanical:
% ? Title looks like it was stored in title-case in Zotero

@article{abramaviciusetal2009coherentmultidimensionaloptical,
  title = {Coherent Multidimensional Optical Spectroscopy of Excitons in Molecular Aggregates; Quasiparticle versus Supermolecule Perspectives},
  author = {Abramavicius, Darius and Palmieri, Benoit and Voronine, Dmitri V. and Sanda, Frantisek and Mukamel, Shaul},
  date = {2009-06},
  journaltitle = {Chem. Rev.},
  volume = {109},
  number = {6},
  eprint = {19432416},
  eprinttype = {pubmed},
  pages = {2350--2408},
  issn = {1520-6890},
  doi = {10.1021/cr800268n},
  language = {en},
  pmcid = {PMC2975548}
}
% == BibLateX quality report for abramaviciusetal2009coherentmultidimensionaloptical:
% Unexpected field 'pmcid'
% ? Possibly abbreviated journal title Chem. Rev.
% ? unused Publication title ("Chemical Reviews")

@article{accardietal2016threenewprinciples,
  title = {On Three New Principles in Non-Equilibrium Statistical Mechanics and Markov Semigroups of Weak Coupling Limit Type},
  author = {Accardi, Luigi and Fagnola, Franco and Quezada, Roberto},
  date = {2016-06},
  journaltitle = {Infin. Dimension. Anal. Quantum Probab. Relat. Top.},
  volume = {19},
  number = {2},
  pages = {1650009},
  publisher = {World Scientific Publishing Co.},
  issn = {0219-0257},
  doi = {10.1142/S0219025716500090},
  url = {https://www.worldscientific.com/doi/abs/10.1142/S0219025716500090},
  language = {en}
}
% == BibLateX quality report for accardietal2016threenewprinciples:
% Unexpected field 'publisher'
% ? Possibly abbreviated journal title Infin. Dimension. Anal. Quantum Probab. Relat. Top.
% ? unused Library catalog ("worldscientific.com (Atypon)")
% ? unused Publication title ("Infinite Dimensional Analysis Quantum Probability and Related Topics")

@article{albashetal2012quantumadiabaticmarkovian,
  title = {Quantum Adiabatic {{Markovian}} Master Equations},
  author = {Albash, Tameem and Boixo, Sergio and Lidar, Daniel A and Zanardi, Paolo},
  date = {2012-12-11},
  journaltitle = {New J. Phys.},
  volume = {14},
  number = {12},
  pages = {123016},
  issn = {1367-2630},
  doi = {10.1088/1367-2630/14/12/123016},
  url = {https://iopscience.iop.org/article/10.1088/1367-2630/14/12/123016},
  language = {en}
}
% == BibLateX quality report for albashetal2012quantumadiabaticmarkovian:
% ? Possibly abbreviated journal title New J. Phys.
% ? unused Library catalog ("DOI.org (Crossref)")
% ? unused Publication title ("New Journal of Physics")

@article{asadianetal2013heattransportlattices,
  title = {Heat Transport through Lattices of Quantum Harmonic Oscillators in Arbitrary Dimensions},
  author = {Asadian, A. and Manzano, D. and Tiersch, M. and Briegel, H. J.},
  date = {2013-01-10},
  journaltitle = {Phys. Rev. E},
  volume = {87},
  number = {1},
  pages = {12109},
  issn = {1539-3755, 1550-2376},
  doi = {10.1103/PhysRevE.87.012109},
  url = {https://link.aps.org/doi/10.1103/PhysRevE.87.012109},
  language = {en}
}
% == BibLateX quality report for asadianetal2013heattransportlattices:
% 'issn': not a valid ISSN
% ? Possibly abbreviated journal title Phys. Rev. E
% ? unused Library catalog ("DOI.org (Crossref)")
% ? unused Publication title ("Physical Review E")

@book{berman2011principleslaserspectroscopy,
  title = {Principles of Laser Spectroscopy and Quantum Optics},
  author = {Berman, Paul R.},
  with = {Malinovsky, Vladimir S. and Berman, Paul R. R. and Malinovsky, Vladimir S. S.},
  date = {2011},
  publisher = {Princeton University Press},
  location = {Princeton},
  isbn = {978-0-691-14056-8 978-1-4008-3704-5},
  language = {en},
  pagetotal = {1}
}
% == BibLateX quality report for berman2011principleslaserspectroscopy:
% Unexpected field 'with'
% 'isbn': not a valid ISBN
% ? unused Library catalog ("K10plus ISBN")

@book{bertlmannfriis2023modernquantumtheory,
  title = {Modern Quantum Theory: From Quantum Mechanics to Entanglement and Quantum Information},
  shorttitle = {Modern Quantum Theory},
  author = {Bertlmann, Reinhold and Friis, Nicolai},
  date = {2023-09-07},
  edition = {1},
  publisher = {Oxford University PressOxford},
  doi = {10.1093/oso/9780199683338.001.0001},
  url = {https://academic.oup.com/book/55166},
  isbn = {978-0-19-968333-8 978-0-19-199748-8},
  language = {en}
}
% == BibLateX quality report for bertlmannfriis2023modernquantumtheory:
% 'isbn': not a valid ISBN
% ? unused Library catalog ("DOI.org (Crossref)")

@incollection{blum2012applications,
  title = {Some {{Applications}}},
  booktitle = {Density {{Matrix Theory}} and {{Applications}}},
  author = {Blum, Karl},
  editor = {Blum, Karl},
  date = {2012},
  pages = {183--208},
  publisher = {Springer},
  location = {Berlin, Heidelberg},
  doi = {10.1007/978-3-642-20561-3_6},
  url = {https://doi.org/10.1007/978-3-642-20561-3_6},
  isbn = {978-3-642-20561-3},
  language = {en}
}
% == BibLateX quality report for blum2012applications:
% ? Title looks like it was stored in title-case in Zotero
% ? unused Library catalog ("Springer Link")

@incollection{blum2012basicconcepts,
  title = {Basic {{Concepts}}},
  booktitle = {Density {{Matrix Theory}} and {{Applications}}},
  author = {Blum, Karl},
  editor = {Blum, Karl},
  date = {2012},
  pages = {1--34},
  publisher = {Springer},
  location = {Berlin, Heidelberg},
  doi = {10.1007/978-3-642-20561-3_1},
  url = {https://doi.org/10.1007/978-3-642-20561-3_1},
  isbn = {978-3-642-20561-3},
  language = {en}
}
% == BibLateX quality report for blum2012basicconcepts:
% ? Title looks like it was stored in title-case in Zotero
% ? unused Library catalog ("Springer Link")

@book{blum2012densitymatrixtheory,
  title = {Density {{Matrix Theory}} and {{Applications}}},
  author = {Blum, Karl},
  date = {2012},
  series = {Springer {{Series}} on {{Atomic}}, {{Optical}}, and {{Plasma Physics}}},
  volume = {64},
  publisher = {Springer},
  location = {Berlin, Heidelberg},
  doi = {10.1007/978-3-642-20561-3},
  url = {https://link.springer.com/10.1007/978-3-642-20561-3},
  isbn = {978-3-642-20560-6 978-3-642-20561-3},
  language = {en}
}
% == BibLateX quality report for blum2012densitymatrixtheory:
% 'isbn': not a valid ISBN
% ? Title looks like it was stored in title-case in Zotero
% ? unused Library catalog ("DOI.org (Crossref)")

@incollection{blum2012generaldensitymatrix,
  title = {General {{Density Matrix Theory}}},
  booktitle = {Density {{Matrix Theory}} and {{Applications}}},
  author = {Blum, Karl},
  editor = {Blum, Karl},
  date = {2012},
  pages = {35--60},
  publisher = {Springer},
  location = {Berlin, Heidelberg},
  doi = {10.1007/978-3-642-20561-3_2},
  url = {https://doi.org/10.1007/978-3-642-20561-3_2},
  isbn = {978-3-642-20561-3},
  language = {en}
}
% == BibLateX quality report for blum2012generaldensitymatrix:
% ? Title looks like it was stored in title-case in Zotero
% ? unused Library catalog ("Springer Link")

@incollection{blum2012irreduciblecomponentsdensity,
  title = {Irreducible {{Components}} of the {{Density Matrix}}},
  booktitle = {Density {{Matrix Theory}} and {{Applications}}},
  author = {Blum, Karl},
  editor = {Blum, Karl},
  date = {2012},
  pages = {115--163},
  publisher = {Springer},
  location = {Berlin, Heidelberg},
  doi = {10.1007/978-3-642-20561-3_4},
  url = {https://doi.org/10.1007/978-3-642-20561-3_4},
  isbn = {978-3-642-20561-3},
  language = {en}
}
% == BibLateX quality report for blum2012irreduciblecomponentsdensity:
% ? Title looks like it was stored in title-case in Zotero
% ? unused Library catalog ("Springer Link")

@incollection{blum2012quantumtheoryrelaxation,
  title = {Quantum {{Theory}} of {{Relaxation}}},
  booktitle = {Density {{Matrix Theory}} and {{Applications}}},
  author = {Blum, Karl},
  editor = {Blum, Karl},
  date = {2012},
  pages = {275--312},
  publisher = {Springer},
  location = {Berlin, Heidelberg},
  doi = {10.1007/978-3-642-20561-3_8},
  url = {https://doi.org/10.1007/978-3-642-20561-3_8},
  isbn = {978-3-642-20561-3},
  language = {en}
}
% == BibLateX quality report for blum2012quantumtheoryrelaxation:
% ? Title looks like it was stored in title-case in Zotero
% ? unused Library catalog ("Springer Link")

@incollection{blum2012radiationpolarizedatoms,
  title = {Radiation from {{Polarized Atoms}}. {{Quantum Beats}}},
  booktitle = {Density {{Matrix Theory}} and {{Applications}}},
  author = {Blum, Karl},
  editor = {Blum, Karl},
  date = {2012},
  pages = {165--181},
  publisher = {Springer},
  location = {Berlin, Heidelberg},
  doi = {10.1007/978-3-642-20561-3_5},
  url = {https://doi.org/10.1007/978-3-642-20561-3_5},
  isbn = {978-3-642-20561-3},
  language = {en}
}
% == BibLateX quality report for blum2012radiationpolarizedatoms:
% ? Title looks like it was stored in title-case in Zotero
% ? unused Library catalog ("Springer Link")

@incollection{blum2012roleorientationalignment,
  title = {The {{Role}} of {{Orientation}} and {{Alignment}} in {{Molecular Processes}}},
  booktitle = {Density {{Matrix Theory}} and {{Applications}}},
  author = {Blum, Karl},
  editor = {Blum, Karl},
  date = {2012},
  pages = {209--273},
  publisher = {Springer},
  location = {Berlin, Heidelberg},
  doi = {10.1007/978-3-642-20561-3_7},
  url = {https://doi.org/10.1007/978-3-642-20561-3_7},
  isbn = {978-3-642-20561-3},
  language = {en}
}
% == BibLateX quality report for blum2012roleorientationalignment:
% ? Title looks like it was stored in title-case in Zotero
% ? unused Library catalog ("Springer Link")

@article{bogaczetal2025xrayabsorptionspectroscopy,
  title = {X-Ray Absorption Spectroscopy of Dilute Metalloenzymes at {{X-ray}} Free-Electron Lasers in a Shot-by-Shot Mode},
  author = {Bogacz, Isabel and Szilagyi, Erzsi and Makita, Hiroki and Simon, Philipp S. and Zhang, Miao and Doyle, Margaret D. and Chatterjee, Kuntal and Kretzschmar, Moritz and Chernev, Petko and Croy, Nicholas and Cheah, Mun-Hon and Dasgupta, Medhanjali and Nangca, Isabela and Fransson, Thomas and Bhowmick, Asmit and Brewster, Aaron S. and Sauter, Nicholas K. and Owada, Shigeki and Tono, Kensuke and Zerdane, Serhane and Oggenfuss, Alexander and Babich, Danylo and Sander, Mathias and Mankowsky, Roman and Lemke, Henrik T. and Gee, Leland B. and Sato, Takahiro and Kroll, Thomas and Messinger, Johannes and Alonso-Mori, Roberto and Bergmann, Uwe and Sokaras, Dimosthenis and Yachandra, Vittal K. and Kern, Jan and Yano, Junko},
  date = {2025-04-07},
  journaltitle = {J. Phys. Chem. Lett.},
  volume = {16},
  number = {15},
  eprint = {40193717},
  eprinttype = {pubmed},
  pages = {3778--3787},
  issn = {1948-7185},
  doi = {10.1021/acs.jpclett.5c00399},
  url = {https://www.ncbi.nlm.nih.gov/pmc/articles/PMC12010424/},
  language = {en},
  pmcid = {PMC12010424}
}
% == BibLateX quality report for bogaczetal2025xrayabsorptionspectroscopy:
% Unexpected field 'pmcid'
% ? Possibly abbreviated journal title J. Phys. Chem. Lett.
% ? unused Library catalog ("PubMed Central")
% ? unused Publication title ("Journal of Physical Chemistry Letters")

@incollection{boyd2008appendices,
  title = {Appendices},
  booktitle = {Nonlinear {{Optics}} (Third {{Edition}})},
  editor = {Boyd, Robert W.},
  date = {2008},
  edition = {Third Edition},
  pages = {589--604},
  publisher = {Academic Press},
  location = {Burlington},
  doi = {10.1016/B978-0-12-369470-6.00015-0},
  url = {https://www.sciencedirect.com/science/article/pii/B9780123694706000150},
  isbn = {978-0-12-369470-6},
  language = {en}
}
% == BibLateX quality report for boyd2008appendices:
% Missing required field 'author'
% ? unused DOI ("https://doi.org/10.1016/B978-0-12-369470-6.00015-0")

@incollection{boyd2008chapter10stimulated,
  title = {Chapter 10 - Stimulated Raman Scattering and Stimulated Rayleigh-Wing Scattering},
  booktitle = {Nonlinear {{Optics}} (Third {{Edition}})},
  author = {Boyd, Robert W.},
  editor = {Boyd, Robert W.},
  date = {2008},
  edition = {Third Edition},
  pages = {473--509},
  publisher = {Academic Press},
  location = {Burlington},
  doi = {10.1016/B978-0-12-369470-6.00010-1},
  url = {https://www.sciencedirect.com/science/article/pii/B9780123694706000101},
  isbn = {978-0-12-369470-6},
  language = {en}
}
% == BibLateX quality report for boyd2008chapter10stimulated:
% ? unused DOI ("https://doi.org/10.1016/B978-0-12-369470-6.00010-1")

@incollection{boyd2008chapter11electrooptic,
  title = {Chapter 11 - the Electrooptic and Photorefractive Effects},
  booktitle = {Nonlinear {{Optics}} (Third {{Edition}})},
  author = {Boyd, Robert W.},
  editor = {Boyd, Robert W.},
  date = {2008},
  edition = {Third Edition},
  pages = {511--541},
  publisher = {Academic Press},
  location = {Burlington},
  doi = {10.1016/B978-0-12-369470-6.00011-3},
  url = {https://www.sciencedirect.com/science/article/pii/B9780123694706000113},
  isbn = {978-0-12-369470-6},
  language = {en}
}
% == BibLateX quality report for boyd2008chapter11electrooptic:
% ? unused DOI ("https://doi.org/10.1016/B978-0-12-369470-6.00011-3")

@incollection{boyd2008chapter12optically,
  title = {Chapter 12 - Optically Induced Damage and Multiphoton Absorption},
  booktitle = {Nonlinear {{Optics}} (Third {{Edition}})},
  author = {Boyd, Robert W.},
  editor = {Boyd, Robert W.},
  date = {2008},
  edition = {Third Edition},
  pages = {543--560},
  publisher = {Academic Press},
  location = {Burlington},
  doi = {10.1016/B978-0-12-369470-6.00012-5},
  url = {https://www.sciencedirect.com/science/article/pii/B9780123694706000125},
  isbn = {978-0-12-369470-6},
  language = {en}
}
% == BibLateX quality report for boyd2008chapter12optically:
% ? unused DOI ("https://doi.org/10.1016/B978-0-12-369470-6.00012-5")

@incollection{boyd2008chapter13ultrafast,
  title = {Chapter 13 - Ultrafast and Intense-Field Nonlinear Optics},
  booktitle = {Nonlinear {{Optics}} (Third {{Edition}})},
  author = {Boyd, Robert W.},
  editor = {Boyd, Robert W.},
  date = {2008},
  edition = {Third Edition},
  pages = {561--587},
  publisher = {Academic Press},
  location = {Burlington},
  doi = {10.1016/B978-0-12-369470-6.00013-7},
  url = {https://www.sciencedirect.com/science/article/pii/B9780123694706000137},
  isbn = {978-0-12-369470-6},
  language = {en}
}
% == BibLateX quality report for boyd2008chapter13ultrafast:
% ? unused DOI ("https://doi.org/10.1016/B978-0-12-369470-6.00013-7")

@incollection{boyd2008chapter1nonlinear,
  ids = {BOYD20081},
  title = {Chapter 1 - the Nonlinear Optical Susceptibility},
  booktitle = {Nonlinear {{Optics}} (Third {{Edition}})},
  author = {Boyd, Robert W.},
  editor = {Boyd, Robert W.},
  date = {2008-01-01},
  pages = {1--67},
  publisher = {Academic Press},
  location = {Burlington},
  doi = {10.1016/B978-0-12-369470-6.00001-0},
  url = {https://www.sciencedirect.com/science/article/pii/B9780123694706000010},
  isbn = {978-0-12-369470-6},
  language = {en}
}
% == BibLateX quality report for boyd2008chapter1nonlinear:
% ? unused Library catalog ("ScienceDirect")

@incollection{boyd2008chapter2waveequation,
  title = {Chapter 2 - Wave-Equation Description of Nonlinear Optical Interactions},
  booktitle = {Nonlinear {{Optics}} (Third {{Edition}})},
  author = {Boyd, Robert W.},
  editor = {Boyd, Robert W.},
  date = {2008},
  edition = {Third Edition},
  pages = {69--133},
  publisher = {Academic Press},
  location = {Burlington},
  doi = {10.1016/B978-0-12-369470-6.00002-2},
  url = {https://www.sciencedirect.com/science/article/pii/B9780123694706000022},
  isbn = {978-0-12-369470-6},
  language = {en}
}
% == BibLateX quality report for boyd2008chapter2waveequation:
% ? unused DOI ("https://doi.org/10.1016/B978-0-12-369470-6.00002-2")

@incollection{boyd2008chapter3quantummechanical,
  title = {Chapter 3 - Quantum-Mechanical Theory of the Nonlinear Optical Susceptibility},
  booktitle = {Nonlinear {{Optics}} (Third {{Edition}})},
  author = {Boyd, Robert W.},
  editor = {Boyd, Robert W.},
  date = {2008},
  edition = {Third Edition},
  pages = {135--206},
  publisher = {Academic Press},
  location = {Burlington},
  doi = {10.1016/B978-0-12-369470-6.00003-4},
  url = {https://www.sciencedirect.com/science/article/pii/B9780123694706000034},
  isbn = {978-0-12-369470-6},
  language = {en}
}
% == BibLateX quality report for boyd2008chapter3quantummechanical:
% ? unused DOI ("https://doi.org/10.1016/B978-0-12-369470-6.00003-4")

@incollection{boyd2008chapter4intensitydependent,
  title = {Chapter 4 - the Intensity-Dependent Refractive Index},
  booktitle = {Nonlinear {{Optics}} (Third {{Edition}})},
  author = {Boyd, Robert W.},
  editor = {Boyd, Robert W.},
  date = {2008},
  edition = {Third Edition},
  pages = {207--252},
  publisher = {Academic Press},
  location = {Burlington},
  doi = {10.1016/B978-0-12-369470-6.00004-6},
  url = {https://www.sciencedirect.com/science/article/pii/B9780123694706000046},
  isbn = {978-0-12-369470-6},
  language = {en}
}
% == BibLateX quality report for boyd2008chapter4intensitydependent:
% ? unused DOI ("https://doi.org/10.1016/B978-0-12-369470-6.00004-6")

@incollection{boyd2008chapter5molecular,
  title = {Chapter 5 - Molecular Origin of the Nonlinear Optical Response},
  booktitle = {Nonlinear {{Optics}} (Third {{Edition}})},
  author = {Boyd, Robert W.},
  editor = {Boyd, Robert W.},
  date = {2008},
  edition = {Third Edition},
  pages = {253--275},
  publisher = {Academic Press},
  location = {Burlington},
  doi = {10.1016/B978-0-12-369470-6.00005-8},
  url = {https://www.sciencedirect.com/science/article/pii/B9780123694706000058},
  isbn = {978-0-12-369470-6},
  language = {en}
}
% == BibLateX quality report for boyd2008chapter5molecular:
% ? unused DOI ("https://doi.org/10.1016/B978-0-12-369470-6.00005-8")

@incollection{boyd2008chapter6nonlinear,
  title = {Chapter 6 - Nonlinear Optics in the Two-Level Approximation},
  booktitle = {Nonlinear {{Optics}} (Third {{Edition}})},
  author = {Boyd, Robert W.},
  editor = {Boyd, Robert W.},
  date = {2008},
  edition = {Third Edition},
  pages = {277--328},
  publisher = {Academic Press},
  location = {Burlington},
  doi = {10.1016/B978-0-12-369470-6.00006-X},
  url = {https://www.sciencedirect.com/science/article/pii/B978012369470600006X},
  isbn = {978-0-12-369470-6},
  language = {en}
}
% == BibLateX quality report for boyd2008chapter6nonlinear:
% ? unused DOI ("https://doi.org/10.1016/B978-0-12-369470-6.00006-X")

@incollection{boyd2008chapter7processes,
  title = {Chapter 7 - Processes Resulting from the Intensity-Dependent Refractive Index},
  booktitle = {Nonlinear {{Optics}} (Third {{Edition}})},
  author = {Boyd, Robert W.},
  editor = {Boyd, Robert W.},
  date = {2008},
  edition = {Third Edition},
  pages = {329--390},
  publisher = {Academic Press},
  location = {Burlington},
  doi = {10.1016/B978-0-12-369470-6.00007-1},
  url = {https://www.sciencedirect.com/science/article/pii/B9780123694706000071},
  isbn = {978-0-12-369470-6},
  language = {en}
}
% == BibLateX quality report for boyd2008chapter7processes:
% ? unused DOI ("https://doi.org/10.1016/B978-0-12-369470-6.00007-1")

@incollection{boyd2008chapter8spontaneous,
  title = {Chapter 8 - Spontaneous Light Scattering and Acoustooptics},
  booktitle = {Nonlinear {{Optics}} (Third {{Edition}})},
  author = {Boyd, Robert W.},
  editor = {Boyd, Robert W.},
  date = {2008},
  edition = {Third Edition},
  pages = {391--428},
  publisher = {Academic Press},
  location = {Burlington},
  doi = {10.1016/B978-0-12-369470-6.00008-3},
  url = {https://www.sciencedirect.com/science/article/pii/B9780123694706000083},
  isbn = {978-0-12-369470-6},
  language = {en}
}
% == BibLateX quality report for boyd2008chapter8spontaneous:
% ? unused DOI ("https://doi.org/10.1016/B978-0-12-369470-6.00008-3")

@incollection{boyd2008chapter9stimulated,
  title = {Chapter 9 - Stimulated Brillouin and Stimulated Rayleigh Scattering},
  booktitle = {Nonlinear {{Optics}} (Third {{Edition}})},
  author = {Boyd, Robert W.},
  editor = {Boyd, Robert W.},
  date = {2008},
  edition = {Third Edition},
  pages = {429--471},
  publisher = {Academic Press},
  location = {Burlington},
  doi = {10.1016/B978-0-12-369470-6.00009-5},
  url = {https://www.sciencedirect.com/science/article/pii/B9780123694706000095},
  isbn = {978-0-12-369470-6},
  language = {en}
}
% == BibLateX quality report for boyd2008chapter9stimulated:
% ? unused DOI ("https://doi.org/10.1016/B978-0-12-369470-6.00009-5")

@incollection{boyd2008contents,
  title = {Contents},
  booktitle = {Nonlinear {{Optics}} (Third {{Edition}})},
  editor = {Boyd, Robert W.},
  date = {2008},
  edition = {Third Edition},
  pages = {vii-xi},
  publisher = {Academic Press},
  location = {Burlington},
  doi = {10.1016/B978-0-12-369470-6.00016-2},
  url = {https://www.sciencedirect.com/science/article/pii/B9780123694706000162},
  isbn = {978-0-12-369470-6},
  language = {en}
}
% == BibLateX quality report for boyd2008contents:
% Missing required field 'author'
% ? unused DOI ("https://doi.org/10.1016/B978-0-12-369470-6.00016-2")

@incollection{boyd2008dedication,
  title = {Dedication},
  booktitle = {Nonlinear {{Optics}} (Third {{Edition}})},
  editor = {Boyd, Robert W.},
  date = {2008},
  edition = {Third Edition},
  pages = {v},
  publisher = {Academic Press},
  location = {Burlington},
  doi = {10.1016/B978-0-12-369470-6.00020-4},
  url = {https://www.sciencedirect.com/science/article/pii/B9780123694706000204},
  isbn = {978-0-12-369470-6},
  language = {en}
}
% == BibLateX quality report for boyd2008dedication:
% Missing required field 'author'
% ? unused DOI ("https://doi.org/10.1016/B978-0-12-369470-6.00020-4")

@incollection{boyd2008index,
  title = {Index},
  booktitle = {Nonlinear {{Optics}} (Third {{Edition}})},
  editor = {Boyd, Robert W.},
  date = {2008},
  edition = {Third Edition},
  pages = {605--613},
  publisher = {Academic Press},
  location = {Burlington},
  doi = {10.1016/B978-0-12-369470-6.00019-8},
  url = {https://www.sciencedirect.com/science/article/pii/B9780123694706000198},
  isbn = {978-0-12-369470-6},
  language = {en}
}
% == BibLateX quality report for boyd2008index:
% Missing required field 'author'
% ? unused DOI ("https://doi.org/10.1016/B978-0-12-369470-6.00019-8")

@incollection{boyd2008prefacefirstedition,
  title = {Preface to the First Edition},
  booktitle = {Nonlinear {{Optics}} (Third {{Edition}})},
  editor = {Boyd, Robert W.},
  date = {2008},
  edition = {Third Edition},
  pages = {xvii-xix},
  publisher = {Academic Press},
  location = {Burlington},
  doi = {10.1016/B978-0-12-369470-6.00018-6},
  url = {https://www.sciencedirect.com/science/article/pii/B9780123694706000186},
  isbn = {978-0-12-369470-6},
  language = {en}
}
% == BibLateX quality report for boyd2008prefacefirstedition:
% Missing required field 'author'
% ? unused DOI ("https://doi.org/10.1016/B978-0-12-369470-6.00018-6")

@incollection{boyd2008prefacesecondedition,
  title = {Preface to the Second Edition},
  booktitle = {Nonlinear {{Optics}} (Third {{Edition}})},
  editor = {Boyd, Robert W.},
  date = {2008},
  edition = {Third Edition},
  pages = {xv-xvi},
  publisher = {Academic Press},
  location = {Burlington},
  doi = {10.1016/B978-0-12-369470-6.00017-4},
  url = {https://www.sciencedirect.com/science/article/pii/B9780123694706000174},
  isbn = {978-0-12-369470-6},
  language = {en}
}
% == BibLateX quality report for boyd2008prefacesecondedition:
% Missing required field 'author'
% ? unused DOI ("https://doi.org/10.1016/B978-0-12-369470-6.00017-4")

@incollection{boyd2008prefacethirdedition,
  title = {Preface to the Third Edition},
  booktitle = {Nonlinear {{Optics}} (Third {{Edition}})},
  author = {Boyd, Robert},
  editor = {Boyd, Robert W.},
  date = {2008},
  edition = {Third Edition},
  pages = {xiii-xiv},
  publisher = {Academic Press},
  location = {Burlington},
  doi = {10.1016/B978-0-12-369470-6.00014-9},
  url = {https://www.sciencedirect.com/science/article/pii/B9780123694706000149},
  isbn = {978-0-12-369470-6},
  language = {en}
}
% == BibLateX quality report for boyd2008prefacethirdedition:
% ? unused DOI ("https://doi.org/10.1016/B978-0-12-369470-6.00014-9")

@book{breuerpetruccione2009theoryopenquantum,
  title = {The Theory of Open Quantum Systems},
  author = {Breuer, Heinz-Peter and Petruccione, Francesco},
  date = {2009},
  edition = {1. publ. in paperback, [Nachdr.]},
  publisher = {Clarendon Press},
  location = {Oxford},
  isbn = {978-0-19-852063-4 978-0-19-921390-0},
  language = {en},
  pagetotal = {613}
}
% == BibLateX quality report for breuerpetruccione2009theoryopenquantum:
% 'isbn': not a valid ISBN
% ? unused Library catalog ("K10plus ISBN")

@article{brixneretal2004phasestabilizedtwodimensionalelectronic,
  title = {Phase-Stabilized Two-Dimensional Electronic Spectroscopy},
  author = {Brixner, Tobias and Man\v cal, Tom\'a\v s and Stiopkin, Igor V. and Fleming, Graham R.},
  date = {2004-09-01},
  journaltitle = {J. Chem. Phys.},
  volume = {121},
  number = {9},
  pages = {4221--4236},
  issn = {0021-9606},
  doi = {10.1063/1.1776112},
  url = {https://doi.org/10.1063/1.1776112},
  language = {en}
}
% == BibLateX quality report for brixneretal2004phasestabilizedtwodimensionalelectronic:
% ? Possibly abbreviated journal title J. Chem. Phys.
% ? unused Library catalog ("Silverchair")
% ? unused Publication title ("Journal of Chemical Physics")

@article{brixneretal2005twodimensionalspectroscopyelectronic,
  title = {Two-Dimensional Spectroscopy of Electronic Couplings in Photosynthesis},
  author = {Brixner, Tobias and Stenger, Jens and Vaswani, Harsha M. and Cho, Minhaeng and Blankenship, Robert E. and Fleming, Graham R.},
  date = {2005-03},
  journaltitle = {Nature},
  volume = {434},
  number = {7033},
  pages = {625--628},
  publisher = {Nature Publishing Group},
  issn = {1476-4687},
  doi = {10.1038/nature03429},
  url = {https://www.nature.com/articles/nature03429},
  language = {en}
}
% == BibLateX quality report for brixneretal2005twodimensionalspectroscopyelectronic:
% Unexpected field 'publisher'
% ? unused Library catalog ("www.nature.com")

@article{buchheitmorigi2016masterequationhighprecision,
  title = {Master Equation for High-Precision Spectroscopy},
  author = {Buchheit, Andreas Alexander and Morigi, Giovanna},
  date = {2016-10-17},
  journaltitle = {Phys. Rev. A},
  volume = {94},
  number = {4},
  pages = {042111},
  issn = {2469-9926, 2469-9934},
  doi = {10.1103/PhysRevA.94.042111},
  url = {https://link.aps.org/doi/10.1103/PhysRevA.94.042111},
  language = {en}
}
% == BibLateX quality report for buchheitmorigi2016masterequationhighprecision:
% 'issn': not a valid ISSN
% ? Possibly abbreviated journal title Phys. Rev. A
% ? unused Library catalog ("DOI.org (Crossref)")
% ? unused Publication title ("Physical Review A")

@article{butkusetal2010twodimensionalopticalspectroscopy,
  title = {Two-Dimensional Optical Spectroscopy of Molecular Aggregates},
  author = {Butkus, Vytautas and Abramavicius, D. and Gelzinis, A. and Valkunas, L.},
  date = {2010},
  journaltitle = {Lith. J. Phys.},
  volume = {50},
  number = {3},
  pages = {267--303},
  issn = {16488504},
  doi = {10.3952/lithjphys.50305},
  url = {http://www.itpa.lt/LFD/Lfz/503/05},
  language = {en}
}
% == BibLateX quality report for butkusetal2010twodimensionalopticalspectroscopy:
% ? Possibly abbreviated journal title Lith. J. Phys.
% ? unused Library catalog ("DOI.org (Crossref)")
% ? unused Publication title ("Lithuanian Journal of Physics")

@article{campaiolietal2024quantummasterequations,
  title = {Quantum {{Master Equations}}: {{Tips}} and {{Tricks}} for {{Quantum Optics}}, {{Quantum Computing}}, and {{Beyond}}},
  shorttitle = {Quantum {{Master Equations}}},
  author = {Campaioli, Francesco and Cole, Jared H. and Hapuarachchi, Harini},
  date = {2024-06-10},
  journaltitle = {PRX Quantum},
  volume = {5},
  number = {2},
  pages = {020202},
  issn = {2691-3399},
  doi = {10.1103/PRXQuantum.5.020202},
  url = {https://link.aps.org/doi/10.1103/PRXQuantum.5.020202},
  language = {en}
}
% == BibLateX quality report for campaiolietal2024quantummasterequations:
% ? Title looks like it was stored in title-case in Zotero
% ? unused Library catalog ("DOI.org (Crossref)")

@article{caoetal2020quantumbiologyrevisited,
  title = {Quantum Biology Revisited},
  author = {Cao, Jianshu and Cogdell, Richard J. and Coker, David F. and Duan, Hong-Guang and Hauer, J\"urgen and Kleinekath\"ofer, Ulrich and Jansen, Thomas L. C. and Man\v cal, Tom\'a\v s and Miller, R. J. Dwayne and Ogilvie, Jennifer P. and Prokhorenko, Valentyn I. and Renger, Thomas and Tan, Howe-Siang and Tempelaar, Roel and Thorwart, Michael and Thyrhaug, Erling and Westenhoff, Sebastian and Zigmantas, Donatas},
  date = {2020-04-03},
  journaltitle = {Sci. Adv.},
  volume = {6},
  number = {14},
  pages = {eaaz4888},
  publisher = {American Association for the Advancement of Science},
  doi = {10.1126/sciadv.aaz4888},
  url = {https://www.science.org/doi/full/10.1126/sciadv.aaz4888},
  language = {en}
}
% == BibLateX quality report for caoetal2020quantumbiologyrevisited:
% Unexpected field 'publisher'
% ? Possibly abbreviated journal title Sci. Adv.
% ? unused Library catalog ("science.org (Atypon)")
% ? unused Publication title ("Science Advances")

@book{carmichael1993opensystemsapproach,
  title = {An Open Systems Approach to Quantum Optics: Lectures Presented at the Universit\'e Libre de Bruxelles October 28 to {{November}} 4, 1991},
  shorttitle = {An Open Systems Approach to Quantum Optics},
  author = {Carmichael, Howard},
  date = {1993},
  series = {Lecture {{Notes}} in {{Physics Monographs}}},
  volume = {18},
  publisher = {Springer},
  location = {Berlin, Heidelberg},
  doi = {10.1007/978-3-540-47620-7},
  url = {http://link.springer.com/10.1007/978-3-540-47620-7},
  isbn = {978-3-540-56634-2 978-3-540-47620-7},
  language = {en}
}
% == BibLateX quality report for carmichael1993opensystemsapproach:
% 'isbn': not a valid ISBN
% ? unused Library catalog ("DOI.org (Crossref)")

@book{cho2009twodimensionalopticalspectroscopy,
  title = {Two-Dimensional Optical Spectroscopy},
  author = {Cho, Minhaeng},
  date = {2009},
  publisher = {CRC Press},
  location = {Boca Raton},
  isbn = {978-1-4200-8429-0},
  language = {en},
  pagetotal = {378},
  annotation = {OCLC: ocn212843967}
}
% == BibLateX quality report for cho2009twodimensionalopticalspectroscopy:
% ? unused Call number ("QC454.O66 C46 2009")
% ? unused Library catalog ("Library of Congress ISBN")

@book{cohen-tannoudjietal2008atomphotoninteractionsbasic,
  title = {Atom-Photon Interactions: Basic Processes and Applications},
  shorttitle = {Atom-Photon Interactions},
  editor = {Cohen-Tannoudji, Claude and Dupont-Roc, Jacques and Grynberg, Gilbert},
  date = {2008},
  series = {A {{Wiley-Interscience}} Publication},
  publisher = {Wiley},
  location = {New York, NY},
  doi = {10.1002/9783527617197},
  isbn = {978-0-471-62556-8 978-3-527-61719-7},
  language = {en},
  pagetotal = {656}
}
% == BibLateX quality report for cohen-tannoudjietal2008atomphotoninteractionsbasic:
% Missing required field 'author'
% 'isbn': not a valid ISBN
% ? unused Library catalog ("K10plus ISBN")

@article{cubittetal2015stabilitylocalquantum,
  title = {Stability of {{Local Quantum Dissipative Systems}}},
  author = {Cubitt, Toby S. and Lucia, Angelo and Michalakis, Spyridon and Perez-Garcia, David},
  date = {2015-08-01},
  journaltitle = {Commun. Math. Phys.},
  volume = {337},
  number = {3},
  pages = {1275--1315},
  issn = {1432-0916},
  doi = {10.1007/s00220-015-2355-3},
  url = {https://doi.org/10.1007/s00220-015-2355-3},
  language = {en}
}
% == BibLateX quality report for cubittetal2015stabilitylocalquantum:
% ? Possibly abbreviated journal title Commun. Math. Phys.
% ? Title looks like it was stored in title-case in Zotero
% ? unused Library catalog ("Springer Link")
% ? unused Publication title ("Communications in Mathematical Physics")

@incollection{czarneckimorita2021twodimensionalcorrelationspectroscopy,
  title = {Two-Dimensional Correlation Spectroscopy},
  booktitle = {Near-Infrared {{Spectroscopy}}: {{Theory}}, {{Spectral Analysis}}, {{Instrumentation}}, and {{Applications}}},
  author = {Czarnecki, Miros\l aw A. and Morita, Shigeaki},
  editor = {Ozaki, Yukihiro and Huck, Christian and Tsuchikawa, Satoru and Engelsen, S\o ren Balling},
  date = {2021},
  pages = {111--126},
  publisher = {Springer},
  location = {Singapore},
  doi = {10.1007/978-981-15-8648-4_6},
  url = {https://doi.org/10.1007/978-981-15-8648-4_6},
  isbn = {978-981-15-8648-4},
  language = {en}
}
% == BibLateX quality report for czarneckimorita2021twodimensionalcorrelationspectroscopy:
% ? unused Library catalog ("Springer Link")

@article{dabbruzzoetal2023timedependentregularizationredfield,
  title = {A Time-Dependent Regularization of the {{Redfield}} Equation},
  author = {D'Abbruzzo, Antonio and Cavina, Vasco and Giovannetti, Vittorio},
  date = {2023-09-27},
  journaltitle = {SciPost Phys.},
  volume = {15},
  number = {3},
  pages = {117},
  issn = {2542-4653},
  doi = {10.21468/SciPostPhys.15.3.117},
  url = {https://scipost.org/10.21468/SciPostPhys.15.3.117},
  language = {en}
}
% == BibLateX quality report for dabbruzzoetal2023timedependentregularizationredfield:
% ? Possibly abbreviated journal title SciPost Phys.
% ? unused Library catalog ("DOI.org (Crossref)")
% ? unused Publication title ("SciPost Physics")

@article{diosiohmicvsmarkovian,
  title = {Ohmic vs Markovian Heat Bath --- Two-Page-Tutorial},
  author = {Diosi, Lajos},
  language = {en}
}
% == BibLateX quality report for diosiohmicvsmarkovian:
% Exactly one of 'date' / 'year' must be present
% Missing required field 'journaltitle'
% ? unused Library catalog ("Zotero")

@article{duanetal2015twodimensionalelectronicspectroscopy,
  title = {Two-Dimensional Electronic Spectroscopy of Light-Harvesting Complex {{II}} at Ambient Temperature: A Joint Experimental and Theoretical Study},
  shorttitle = {Two-Dimensional Electronic Spectroscopy of Light-Harvesting Complex {{II}} at Ambient Temperature},
  author = {Duan, Hong-Guang and Stevens, Amy L. and Nalbach, Peter and Thorwart, Michael and Prokhorenko, Valentyn I. and Miller, R. J. Dwayne},
  date = {2015-09-10},
  journaltitle = {J. Phys. Chem. B},
  volume = {119},
  number = {36},
  pages = {12017--12027},
  publisher = {American Chemical Society},
  issn = {1520-6106},
  doi = {10.1021/acs.jpcb.5b05592},
  url = {https://doi.org/10.1021/acs.jpcb.5b05592},
  language = {en}
}
% == BibLateX quality report for duanetal2015twodimensionalelectronicspectroscopy:
% Unexpected field 'publisher'
% ? Possibly abbreviated journal title J. Phys. Chem. B
% ? unused Library catalog ("ACS Publications")
% ? unused Publication title ("Journal of Physical Chemistry B")

@article{fayer2009dynamicsliquidsmolecules,
  title = {Dynamics of Liquids, Molecules, and Proteins Measured with Ultrafast {{2D IR}} Vibrational Echo Chemical Exchange Spectroscopy},
  author = {Fayer, M.D.},
  date = {2009-05-01},
  journaltitle = {Annu. Rev. Phys. Chem.},
  volume = {60},
  number = {1},
  pages = {21--38},
  issn = {0066-426X, 1545-1593},
  doi = {10.1146/annurev-physchem-073108-112712},
  url = {https://www.annualreviews.org/doi/10.1146/annurev-physchem-073108-112712},
  language = {en}
}
% == BibLateX quality report for fayer2009dynamicsliquidsmolecules:
% 'issn': not a valid ISSN
% ? Possibly abbreviated journal title Annu. Rev. Phys. Chem.
% ? unused Library catalog ("DOI.org (Crossref)")
% ? unused Publication title ("Annual Review of Physical Chemistry")

@online{feynman1965feynmanlecturesphysics,
  title = {The Feynman Lectures on Physics Vol. {{II}} Ch. 11: Inside Dielectrics},
  author = {Feynman, Richard},
  date = {1965},
  url = {https://www.feynmanlectures.caltech.edu/II_11.html},
  language = {en}
}

@article{flemingetal2023photosyntheticlightharvesting,
  title = {Photosynthetic Light Harvesting and Energy Conversion},
  author = {Fleming, Graham R. and Minagawa, Jun and Renger, Thomas and Schlau-Cohen, Gabriela S.},
  date = {2023-09-14},
  journaltitle = {J. Chem. Phys.},
  volume = {159},
  number = {10},
  pages = {100401},
  issn = {0021-9606},
  doi = {10.1063/5.0170807},
  url = {https://escholarship.org/uc/item/9pn5x7h2},
  language = {en}
}
% == BibLateX quality report for flemingetal2023photosyntheticlightharvesting:
% ? Possibly abbreviated journal title J. Chem. Phys.
% ? unused Library catalog ("escholarship.org")
% ? unused Publication title ("Journal of Chemical Physics")

@article{frasca2002dephasingtwolevelsystems,
  title = {Dephasing by Two-Level Systems at Zero Temperature by Unitary Evolution},
  author = {Frasca, Marco},
  date = {2002-12},
  journaltitle = {Physica E},
  volume = {15},
  number = {4},
  pages = {252--260},
  issn = {13869477},
  doi = {10.1016/S1386-9477(02)00661-6},
  url = {https://linkinghub.elsevier.com/retrieve/pii/S1386947702006616},
  language = {en}
}
% == BibLateX quality report for frasca2002dephasingtwolevelsystems:
% ? unused Library catalog ("DOI.org (Crossref)")
% ? unused Publication title ("Physica E: Low-dimensional Systems and Nanostructures")

@online{fujii2014introductionrotatingwave,
  ids = {fujii2014introductionrotatingwavea},
  title = {Introduction to the Rotating Wave Approximation ({{RWA}}) : Two Coherent Oscillations},
  shorttitle = {Introduction to the Rotating Wave Approximation ({{RWA}})},
  author = {Fujii, Kazuyuki},
  date = {2014-05-23},
  eprint = {1301.3585},
  eprinttype = {arXiv},
  eprintclass = {quant-ph},
  doi = {10.48550/arXiv.1301.3585},
  url = {http://arxiv.org/abs/1301.3585},
  language = {en}
}
% == BibLateX quality report for fujii2014introductionrotatingwave:
% ? unused Number ("arXiv:1301.3585")

@article{fullerogilvie2015experimentalimplementationstwodimensional,
  title = {Experimental Implementations of Two-Dimensional Fourier Transform Electronic Spectroscopy},
  author = {Fuller, Franklin D. and Ogilvie, Jennifer P.},
  date = {2015-04},
  journaltitle = {Annu. Rev. Phys. Chem.},
  volume = {66},
  eprint = {25664841},
  eprinttype = {pubmed},
  pages = {667--690},
  issn = {1545-1593},
  doi = {10.1146/annurev-physchem-040513-103623},
  language = {en}
}
% == BibLateX quality report for fullerogilvie2015experimentalimplementationstwodimensional:
% ? Possibly abbreviated journal title Annu. Rev. Phys. Chem.
% ? unused Publication title ("Annual Review of Physical Chemistry")

@book{gardinerzoller2010quantumnoisehandbook,
  title = {Quantum Noise: A Handbook of Markovian and Non-Markovian Quantum Stochastic Methods with Applications to Quantum Optics},
  shorttitle = {Quantum Noise},
  author = {Gardiner, C. W. and Zoller, P.},
  date = {2010},
  edition = {Third edition},
  publisher = {Springer},
  location = {Berlin},
  isbn = {978-3-642-06094-6},
  language = {en},
  annotation = {OCLC: 903068139}
}
% == BibLateX quality report for gardinerzoller2010quantumnoisehandbook:
% ? unused Library catalog ("Open WorldCat")

@book{garrisonchiao2008quantumoptics,
  title = {Quantum Optics},
  author = {Garrison, John Carson and Chiao, Raymond Y.},
  date = {2008},
  series = {Oxford Graduate Texts},
  publisher = {Oxford university press},
  location = {Oxford},
  isbn = {978-0-19-850886-1},
  language = {en}
}
% == BibLateX quality report for garrisonchiao2008quantumoptics:
% ? unused Call number ("535.1")
% ? unused Library catalog ("BnF ISBN")

@article{gelinetal2005efficientmethodcalculation,
  ids = {gelinetal2005efficientmethodcalculationa},
  title = {Efficient Method for the Calculation of Time- and Frequency-Resolved Four-Wave Mixing Signals and Its Application to Photon-Echo Spectroscopy},
  author = {Gelin, Maxim F. and Egorova, Dassia and Domcke, Wolfgang},
  date = {2005-10-27},
  journaltitle = {J. Chem. Phys.},
  volume = {123},
  number = {16},
  pages = {164112},
  issn = {0021-9606},
  doi = {10.1063/1.2062188},
  url = {https://doi.org/10.1063/1.2062188},
  language = {en}
}
% == BibLateX quality report for gelinetal2005efficientmethodcalculation:
% ? Possibly abbreviated journal title J. Chem. Phys.
% ? unused Library catalog ("Silverchair")
% ? unused Publication title ("Journal of Chemical Physics")

@book{gerryknight2024introductoryquantumoptics,
  title = {Introductory Quantum Optics},
  author = {Gerry, Christopher C. and Knight, Peter L.},
  date = {2024},
  edition = {Second edition},
  publisher = {Cambridge University Press},
  location = {Cambridge, United Kingdom ; New York, NY},
  isbn = {978-1-009-41529-3},
  language = {en}
}
% == BibLateX quality report for gerryknight2024introductoryquantumoptics:
% ? unused Call number ("QC446.2 .G47 2024")
% ? unused Library catalog ("Library of Congress ISBN")

@article{ginsbergetal2009twodimensionalelectronicspectroscopy,
  title = {Two-Dimensional Electronic Spectroscopy of Molecular Aggregates},
  author = {Ginsberg, Naomi S. and Cheng, Yuan-Chung and Fleming, Graham R.},
  date = {2009-09-15},
  journaltitle = {Acc. Chem. Res.},
  volume = {42},
  number = {9},
  pages = {1352--1363},
  publisher = {American Chemical Society},
  issn = {0001-4842},
  doi = {10.1021/ar9001075},
  url = {https://doi.org/10.1021/ar9001075},
  language = {en}
}
% == BibLateX quality report for ginsbergetal2009twodimensionalelectronicspectroscopy:
% Unexpected field 'publisher'
% ? Possibly abbreviated journal title Acc. Chem. Res.
% ? unused Library catalog ("ACS Publications")
% ? unused Publication title ("Accounts of Chemical Research")

@article{greenetal2024vibrationalcoherenceshalfbroadband,
  title = {Vibrational Coherences in Half-Broadband {{2D}} Electronic Spectroscopy: Spectral Filtering to Identify Excited State Displacements},
  shorttitle = {Vibrational Coherences in Half-Broadband {{2D}} Electronic Spectroscopy},
  author = {Green, Dale and Bressan, Giovanni and Heisler, Ismael A. and Meech, Stephen R. and Jones, Garth A.},
  date = {2024-06-17},
  journaltitle = {J. Chem. Phys.},
  volume = {160},
  number = {23},
  pages = {234104},
  issn = {0021-9606},
  doi = {10.1063/5.0214023},
  url = {https://doi.org/10.1063/5.0214023},
  language = {en}
}
% == BibLateX quality report for greenetal2024vibrationalcoherenceshalfbroadband:
% ? Possibly abbreviated journal title J. Chem. Phys.
% ? unused Library catalog ("Silverchair")
% ? unused Publication title ("Journal of Chemical Physics")

@book{griffiths2013introductionelectrodynamics,
  title = {Introduction to Electrodynamics},
  author = {Griffiths, David J.},
  date = {2013},
  series = {Always Learning},
  edition = {4. ed., international ed},
  publisher = {Pearson},
  location = {Boston},
  isbn = {978-0-321-85656-2 978-0-321-84781-2},
  language = {en},
  pagetotal = {599}
}
% == BibLateX quality report for griffiths2013introductionelectrodynamics:
% 'isbn': not a valid ISBN
% ? unused Library catalog ("K10plus ISBN")

@article{hagstrommorrison2011caldeiraleggettmodel,
  title = {Caldeira--Leggett Model, Landau Damping, and the Vlasov--Poisson System},
  author = {Hagstrom, George I. and Morrison, P. J.},
  date = {2011-10-01},
  journaltitle = {Physica D},
  series = {Special {{Issue}}: {{Fluid Dynamics}}: {{From Theory}} to {{Experiment}}},
  volume = {240},
  number = {20},
  pages = {1652--1660},
  issn = {0167-2789},
  doi = {10.1016/j.physd.2011.02.007},
  url = {https://www.sciencedirect.com/science/article/pii/S016727891100039X},
  language = {en}
}
% == BibLateX quality report for hagstrommorrison2011caldeiraleggettmodel:
% ? unused Library catalog ("ScienceDirect")
% ? unused Publication title ("Physica D: Nonlinear Phenomena")

@article{hamm2005principlesnonlinearoptical,
  ids = {HammPrinciplesNonlinearOpticala},
  title = {Principles of Nonlinear Optical Spectroscopy: A Practical Approach},
  author = {Hamm, Peter},
  date = {2005},
  language = {en}
}
% == BibLateX quality report for hamm2005principlesnonlinearoptical:
% Missing required field 'journaltitle'
% ? unused Library catalog ("Zotero")

@book{hammzanni2011conceptsmethods2d,
  title = {Concepts and Methods of {{2D}} Infrared Spectroscopy},
  author = {Hamm, Peter and Zanni, Martin},
  date = {2011},
  publisher = {Cambridge University Press},
  location = {Cambridge},
  doi = {10.1017/CBO9780511675935},
  url = {https://www.cambridge.org/core/books/concepts-and-methods-of-2d-infrared-spectroscopy/8D35AA43C878AF1812CDCAF8890C9FE6},
  isbn = {978-1-107-00005-6},
  language = {en}
}

@article{huang-fuetal2024developmentphasecyclinginterfacespecific,
  title = {Development of Phase-Cycling Interface-Specific Two-Dimensional Electronic Sum Frequency Generation ({{2D-ESFG}}) Spectroscopy},
  author = {Huang-Fu, Zhi-Chao and Qian, Yuqin and Zhang, Tong and Brown, Jesse B. and Rao, Yi},
  date = {2024-09},
  journaltitle = {The Journal of Chemical Physics},
  volume = {161},
  number = {11},
  pages = {114201},
  issn = {0021-9606},
  doi = {10.1063/5.0227560},
  url = {https://doi.org/10.1063/5.0227560}
}
% == BibLateX quality report for huang-fuetal2024developmentphasecyclinginterfacespecific:
% ? unused extra: _eprint ("https://pubs.aip.org/aip/jcp/article-pdf/doi/10.1063/5.0227560/20162640/114201_1_5.0227560.pdf")

@article{hybletal1998twodimensionalelectronicspectroscopy,
  title = {Two-Dimensional Electronic Spectroscopy},
  author = {Hybl, John D. and Albrecht, Allison W. and Gallagher Faeder, Sarah M. and Jonas, David M.},
  date = {1998-11-27},
  journaltitle = {Chem. Phys. Lett.},
  volume = {297},
  number = {3},
  pages = {307--313},
  issn = {0009-2614},
  doi = {10.1016/S0009-2614(98)01140-3},
  url = {https://www.sciencedirect.com/science/article/pii/S0009261498011403},
  language = {en}
}
% == BibLateX quality report for hybletal1998twodimensionalelectronicspectroscopy:
% ? Possibly abbreviated journal title Chem. Phys. Lett.
% ? unused Library catalog ("ScienceDirect")
% ? unused Publication title ("Chemical Physics Letters")

@article{jen2019supersubradiancetwodimensional,
  title = {Super- and Sub-Radiance from Two-Dimensional Resonant Dipole-Dipole Interactions},
  author = {Jen, H. H.},
  date = {2019-04-09},
  journaltitle = {Sci. Rep.},
  volume = {9},
  number = {1},
  pages = {5804},
  issn = {2045-2322},
  doi = {10.1038/s41598-019-42285-9},
  url = {https://www.nature.com/articles/s41598-019-42285-9},
  language = {en}
}
% == BibLateX quality report for jen2019supersubradiancetwodimensional:
% ? Possibly abbreviated journal title Sci. Rep.
% ? unused Library catalog ("DOI.org (Crossref)")
% ? unused Publication title ("Scientific Reports")

@article{jeonetal2019theorythreepulsephoton,
  title = {Theory of Three-Pulse Photon Echo Spectroscopy with Dual Frequency Combs},
  author = {Jeon, Jonggu and Kim, JunWoo and Yoon, Tai Hyun and Cho, Minhaeng},
  date = {2019-11-01},
  journaltitle = {J. Opt. Soc. Am. B},
  volume = {36},
  number = {11},
  eprint = {1905.11687},
  eprinttype = {arXiv},
  eprintclass = {physics},
  pages = {3196},
  issn = {0740-3224, 1520-8540},
  doi = {10.1364/JOSAB.36.003196},
  url = {http://arxiv.org/abs/1905.11687}
}
% == BibLateX quality report for jeonetal2019theorythreepulsephoton:
% 'issn': not a valid ISSN
% ? Possibly abbreviated journal title J. Opt. Soc. Am. B
% ? unused Publication title ("Journal of the Optical Society of America B")

@article{johanssonetal2013qutip2python,
  title = {{{QuTiP}} 2: A Python Framework for the Dynamics of Open Quantum Systems},
  shorttitle = {{{QuTiP}} 2},
  author = {Johansson, J.R. and Nation, P.D. and Nori, Franco},
  date = {2013-04},
  journaltitle = {Comput. Phys. Commun.},
  volume = {184},
  number = {4},
  pages = {1234--1240},
  issn = {00104655},
  doi = {10.1016/j.cpc.2012.11.019},
  url = {https://linkinghub.elsevier.com/retrieve/pii/S0010465512003955},
  language = {en}
}
% == BibLateX quality report for johanssonetal2013qutip2python:
% ? Possibly abbreviated journal title Comput. Phys. Commun.
% ? unused Library catalog ("DOI.org (Crossref)")
% ? unused Publication title ("Computer Physics Communications")

@article{jonas2003twodimensionalfemtosecondspectroscopy,
  title = {Two-Dimensional Femtosecond Spectroscopy},
  author = {Jonas, David M.},
  date = {2003-10-01},
  journaltitle = {Annu. Rev. Phys. Chem.},
  volume = {54},
  pages = {425--463},
  publisher = {Annual Reviews},
  issn = {0066-426X, 1545-1593},
  doi = {10.1146/annurev.physchem.54.011002.103907},
  url = {https://www.annualreviews.org/content/journals/10.1146/annurev.physchem.54.011002.103907},
  issue = {Volume 54, 2003},
  language = {en}
}
% == BibLateX quality report for jonas2003twodimensionalfemtosecondspectroscopy:
% Unexpected field 'publisher'
% 'issn': not a valid ISSN
% ? Possibly abbreviated journal title Annu. Rev. Phys. Chem.
% ? unused Library catalog ("www.annualreviews.org")
% ? unused Publication title ("Annual Review of Physical Chemistry")

@book{jonessmith2017stochasticprocessesintroduction,
  title = {Stochastic {{Processes}}: {{An Introduction}}, {{Third Edition}}},
  shorttitle = {Stochastic {{Processes}}},
  author = {Jones, Peter Watts and Smith, Peter},
  date = {2017-10-30},
  edition = {3},
  publisher = {{Chapman and Hall/CRC}},
  location = {New York},
  doi = {10.1201/9781315156576},
  isbn = {978-1-315-15657-6},
  pagetotal = {267}
}
% == BibLateX quality report for jonessmith2017stochasticprocessesintroduction:
% ? Title looks like it was stored in title-case in Zotero

@article{kalraetal2023electronicenergymigration,
  title = {Electronic {{Energy Migration}} in {{Microtubules}}},
  author = {Kalra, Aarat P. and Benny, Alfy and Travis, Sophie M. and Zizzi, Eric A. and Morales-Sanchez, Austin and Oblinsky, Daniel G. and Craddock, Travis J. A. and Hameroff, Stuart R. and MacIver, M. Bruce and Tuszy\'nski, Jack A. and Petry, Sabine and Penrose, Roger and Scholes, Gregory D.},
  date = {2023-03-22},
  journaltitle = {ACS Cent. Sci.},
  volume = {9},
  number = {3},
  pages = {352--361},
  publisher = {American Chemical Society},
  issn = {2374-7943},
  doi = {10.1021/acscentsci.2c01114},
  url = {https://doi.org/10.1021/acscentsci.2c01114},
  language = {en}
}
% == BibLateX quality report for kalraetal2023electronicenergymigration:
% Unexpected field 'publisher'
% ? Possibly abbreviated journal title ACS Cent. Sci.
% ? Title looks like it was stored in title-case in Zotero
% ? unused Library catalog ("ACS Publications")
% ? unused Publication title ("ACS Central Science")

@article{khaliletal2004vibrationalcoherencetransfer,
  title = {Vibrational Coherence Transfer Characterized with Fourier-Transform {{2D IR}} Spectroscopy},
  author = {Khalil, M. and Demird\"oven, N. and Tokmakoff, A.},
  date = {2004-07-01},
  journaltitle = {J. Chem. Phys.},
  volume = {121},
  number = {1},
  pages = {362--373},
  issn = {0021-9606},
  doi = {10.1063/1.1756870},
  url = {https://doi.org/10.1063/1.1756870},
  language = {en}
}
% == BibLateX quality report for khaliletal2004vibrationalcoherencetransfer:
% ? Possibly abbreviated journal title J. Chem. Phys.
% ? unused Library catalog ("Silverchair")
% ? unused Publication title ("Journal of Chemical Physics")

@article{kirtonetal2019introductiondickemodel,
  title = {Introduction to the {{Dicke}} Model: From Equilibrium to Nonequilibrium, and Vice Versa},
  shorttitle = {Introduction to the {{Dicke}} Model},
  author = {Kirton, Peter and Roses, Mor M. and Keeling, Jonathan and Torre, Emanuele G. Dalla},
  date = {2019-02},
  journaltitle = {Adv Quantum Tech},
  volume = {2},
  number = {1--2},
  eprint = {1805.09828},
  eprinttype = {arXiv},
  eprintclass = {quant-ph},
  pages = {1800043},
  issn = {2511-9044, 2511-9044},
  doi = {10.1002/qute.201800043},
  url = {http://arxiv.org/abs/1805.09828}
}
% == BibLateX quality report for kirtonetal2019introductiondickemodel:
% 'issn': not a valid ISSN
% ? unused Publication title ("Advanced Quantum Technologies")

@online{krumlandetal2023twodimensionalelectronicspectroscopy,
  title = {Two-Dimensional Electronic Spectroscopy from First Principles},
  author = {Krumland, Jannis and Guerrini, Michele and Sio, Antonietta De and Lienau, Christoph and Cocchi, Caterina},
  date = {2023-10-27},
  eprint = {2308.09062},
  eprinttype = {arXiv},
  eprintclass = {cond-mat},
  doi = {10.48550/arXiv.2308.09062},
  url = {http://arxiv.org/abs/2308.09062},
  language = {en}
}
% == BibLateX quality report for krumlandetal2023twodimensionalelectronicspectroscopy:
% ? unused Number ("arXiv:2308.09062")

@article{kubo1957statisticalmechanicaltheoryirreversible,
  title = {Statistical-Mechanical Theory of Irreversible Processes. {{I}}. {{General}} Theory and Simple Applications to Magnetic and Conduction Problems},
  author = {Kubo, Ryogo},
  date = {1957-06-15},
  journaltitle = {J. Phys. Soc. Jpn.},
  volume = {12},
  number = {6},
  pages = {570--586},
  publisher = {The Physical Society of Japan},
  issn = {0031-9015},
  doi = {10.1143/JPSJ.12.570},
  url = {https://journals.jps.jp/doi/10.1143/JPSJ.12.570},
  language = {en}
}
% == BibLateX quality report for kubo1957statisticalmechanicaltheoryirreversible:
% Unexpected field 'publisher'
% ? Possibly abbreviated journal title J. Phys. Soc. Jpn.
% ? unused Library catalog ("journals.jps.jp (Atypon)")
% ? unused Publication title ("Journal of the Physical Society of Japan")

@article{laddetal2010quantumcomputers,
  title = {Quantum Computers},
  author = {Ladd, T. D. and Jelezko, F. and Laflamme, R. and Nakamura, Y. and Monroe, C. and O'Brien, J. L.},
  date = {2010-03},
  journaltitle = {Nature},
  volume = {464},
  number = {7285},
  pages = {45--53},
  publisher = {Nature Publishing Group},
  issn = {1476-4687},
  doi = {10.1038/nature08812},
  url = {https://www.nature.com/articles/nature08812},
  language = {en}
}
% == BibLateX quality report for laddetal2010quantumcomputers:
% Unexpected field 'publisher'
% ? unused Library catalog ("www.nature.com")

@article{lambertetal2023qutipbofinbosonicfermionic,
  title = {{{QuTiP-BoFiN}}: {{A}} Bosonic and Fermionic Numerical Hierarchical-Equations-of-Motion Library with Applications in Light-Harvesting, Quantum Control, and Single-Molecule Electronics},
  shorttitle = {{{QuTiP-BoFiN}}},
  author = {Lambert, Neill and Raheja, Tarun and Cross, Simon and Menczel, Paul and Ahmed, Shahnawaz and Pitchford, Alexander and Burgarth, Daniel and Nori, Franco},
  date = {2023-03-15},
  journaltitle = {Phys. Rev. Research},
  volume = {5},
  number = {1},
  pages = {013181},
  issn = {2643-1564},
  doi = {10.1103/PhysRevResearch.5.013181},
  url = {https://link.aps.org/doi/10.1103/PhysRevResearch.5.013181},
  language = {en}
}
% == BibLateX quality report for lambertetal2023qutipbofinbosonicfermionic:
% ? Possibly abbreviated journal title Phys. Rev. Research
% ? unused Library catalog ("DOI.org (Crossref)")
% ? unused Publication title ("Physical Review Research")

@online{lambertetal2024qutip5quantum,
  title = {{{QuTiP}} 5: The Quantum Toolbox in Python},
  shorttitle = {{{QuTiP}} 5},
  author = {Lambert, Neill and Gigu\`ere, Eric and Menczel, Paul and Li, Boxi and Hopf, Patrick and Su\'arez, Gerardo and Gali, Marc and Lishman, Jake and Gadhvi, Rushiraj and Agarwal, Rochisha and Galicia, Asier and Shammah, Nathan and Nation, Paul and Johansson, J. R. and Ahmed, Shahnawaz and Cross, Simon and Pitchford, Alexander and Nori, Franco},
  date = {2024-12-06},
  eprint = {2412.04705},
  eprinttype = {arXiv},
  eprintclass = {quant-ph},
  doi = {10.48550/arXiv.2412.04705},
  url = {http://arxiv.org/abs/2412.04705},
  language = {en},
  version = {1}
}
% == BibLateX quality report for lambertetal2024qutip5quantum:
% ? unused Number ("arXiv:2412.04705")

@article{lambrevetal2020insightsmechanismsdynamics,
  title = {Insights into the Mechanisms and Dynamics of Energy Transfer in Plant Light-Harvesting Complexes from Two-Dimensional Electronic Spectroscopy},
  author = {Lambrev, Petar H. and Akhtar, Parveen and Tan, Howe-Siang},
  date = {2020-04-01},
  journaltitle = {Biochim. Biophys. Acta (bba) - Bioenerg.},
  series = {Light Harvesting},
  volume = {1861},
  number = {4},
  pages = {148050},
  issn = {0005-2728},
  doi = {10.1016/j.bbabio.2019.07.005},
  url = {https://www.sciencedirect.com/science/article/pii/S0005272819300817},
  language = {en}
}
% == BibLateX quality report for lambrevetal2020insightsmechanismsdynamics:
% ? Possibly abbreviated journal title Biochim. Biophys. Acta (bba) - Bioenerg.
% ? unused Library catalog ("ScienceDirect")
% ? unused Publication title ("Biochimica Et Biophysica Acta (bba) - Bioenergetics")

@book{larsonmavrogordatos2024jaynescummingsmodelits,
  title = {The Jaynes-Cummings Model and Its Descendants},
  author = {Larson, Jonas and Mavrogordatos, Th K.},
  date = {2024-09-01},
  eprint = {2202.00330},
  eprinttype = {arXiv},
  eprintclass = {quant-ph},
  doi = {10.1088/978-0-7503-6452-2},
  url = {http://arxiv.org/abs/2202.00330},
  language = {en}
}

@article{lehmberg1970radiationatomsystem,
  title = {Radiation from an {{N}} -{{Atom System}}. {{I}}. {{General Formalism}}},
  author = {Lehmberg, R. H.},
  date = {1970-09-01},
  journaltitle = {Phys. Rev. A},
  volume = {2},
  number = {3},
  pages = {883--888},
  issn = {0556-2791},
  doi = {10.1103/PhysRevA.2.883},
  url = {https://link.aps.org/doi/10.1103/PhysRevA.2.883},
  language = {en}
}
% == BibLateX quality report for lehmberg1970radiationatomsystem:
% ? Possibly abbreviated journal title Phys. Rev. A
% ? Title looks like it was stored in title-case in Zotero
% ? unused Library catalog ("DOI.org (Crossref)")
% ? unused Publication title ("Physical Review A")

@article{lepetitjoffre1996twodimensionalnonlinearoptics,
  title = {Two-Dimensional Nonlinear Optics Using Fourier-Transform Spectral Interferometry},
  author = {Lepetit, L. and Joffre, M.},
  date = {1996-04-15},
  journaltitle = {Opt. Lett.},
  volume = {21},
  number = {8},
  pages = {564--566},
  publisher = {Optica Publishing Group},
  issn = {1539-4794},
  doi = {10.1364/OL.21.000564},
  url = {https://opg.optica.org/ol/abstract.cfm?uri=ol-21-8-564},
  language = {en}
}
% == BibLateX quality report for lepetitjoffre1996twodimensionalnonlinearoptics:
% Unexpected field 'publisher'
% ? Possibly abbreviated journal title Opt. Lett.
% ? unused Library catalog ("opg.optica.org")
% ? unused Publication title ("Optics Letters")

@book{leszczynskietal2017handbookcomputationalchemistry,
  title = {Handbook of Computational Chemistry},
  editor = {Leszczynski, Jerzy and Kaczmarek-Kedziera, Anna and Puzyn, Tomasz and G. Papadopoulos, Manthos and Reis, Heribert and K. Shukla, Manoj},
  date = {2017},
  publisher = {Springer International Publishing},
  location = {Cham},
  doi = {10.1007/978-3-319-27282-5},
  url = {http://link.springer.com/10.1007/978-3-319-27282-5},
  isbn = {978-3-319-27281-8 978-3-319-27282-5},
  language = {en}
}
% == BibLateX quality report for leszczynskietal2017handbookcomputationalchemistry:
% Missing required field 'author'
% 'isbn': not a valid ISBN
% ? unused Library catalog ("DOI.org (Crossref)")

@online{lidar2020lecturenotestheory,
  title = {Lecture {{Notes}} on the {{Theory}} of {{Open Quantum Systems}}},
  author = {Lidar, Daniel A.},
  date = {2020-02-21},
  eprint = {1902.00967},
  eprinttype = {arXiv},
  doi = {10.48550/arXiv.1902.00967},
  url = {http://arxiv.org/abs/1902.00967}
}
% == BibLateX quality report for lidar2020lecturenotestheory:
% ? Title looks like it was stored in title-case in Zotero
% ? unused Number ("arXiv:1902.00967")

@article{lietal2018conceptsquantumnonmarkovianity,
  title = {Concepts of Quantum Non-Markovianity: A Hierarchy},
  shorttitle = {Concepts of Quantum Non-Markovianity},
  author = {Li, Li and Hall, Michael J.W. and Wiseman, Howard M.},
  date = {2018-10},
  journaltitle = {Phys. Rep.},
  volume = {759},
  pages = {1--51},
  issn = {03701573},
  doi = {10.1016/j.physrep.2018.07.001},
  url = {https://linkinghub.elsevier.com/retrieve/pii/S0370157318301601},
  language = {en}
}
% == BibLateX quality report for lietal2018conceptsquantumnonmarkovianity:
% ? Possibly abbreviated journal title Phys. Rep.
% ? unused Library catalog ("DOI.org (Crossref)")
% ? unused Publication title ("Physics Reports")

@article{lietal2023singlephotonabsorptionemission,
  title = {Single-Photon Absorption and Emission from a Natural Photosynthetic Complex},
  author = {Li, Quanwei and Orcutt, Kaydren and Cook, Robert L. and Sabines-Chesterking, Javier and Tong, Ashley L. and Schlau-Cohen, Gabriela S. and Zhang, Xiang and Fleming, Graham R. and Whaley, K. Birgitta},
  date = {2023-07-13},
  journaltitle = {Nature},
  volume = {619},
  number = {7969},
  pages = {300--304},
  issn = {0028-0836},
  doi = {10.1038/s41586-023-06121-5},
  url = {https://escholarship.org/uc/item/4x1235fm},
  language = {en}
}
% == BibLateX quality report for lietal2023singlephotonabsorptionemission:
% ? unused Library catalog ("escholarship.org")

@article{lindblad1976generatorsquantumdynamical,
  title = {On the Generators of Quantum Dynamical Semigroups},
  author = {Lindblad, G.},
  date = {1976-06},
  journaltitle = {Commun. Math. Phys.},
  volume = {48},
  number = {2},
  pages = {119--130},
  issn = {0010-3616, 1432-0916},
  doi = {10.1007/BF01608499},
  url = {http://link.springer.com/10.1007/BF01608499},
  language = {en}
}
% == BibLateX quality report for lindblad1976generatorsquantumdynamical:
% 'issn': not a valid ISSN
% ? Possibly abbreviated journal title Commun. Math. Phys.
% ? unused Library catalog ("DOI.org (Crossref)")
% ? unused Publication title ("Communications in Mathematical Physics")

@article{loaizaetal2025nonlinearspectroscopygeneralized,
  title = {Nonlinear Spectroscopy via Generalized Quantum Phase Estimation},
  author = {Loaiza, Ignacio and Motlagh, Danial and Hejazi, Kasra and Zini, Modjtaba Shokrian and Delgado, Alain and Arrazola, Juan Miguel},
  date = {2025-08-07},
  journaltitle = {Quantum},
  volume = {9},
  eprint = {2405.13885},
  eprinttype = {arXiv},
  eprintclass = {quant-ph},
  pages = {1822},
  issn = {2521-327X},
  doi = {10.22331/q-2025-08-07-1822},
  url = {http://arxiv.org/abs/2405.13885},
  language = {en}
}

@article{mancaletal2006twodimensionalopticalthreepulse,
  title = {Two-Dimensional Optical Three-Pulse Photon Echo Spectroscopy. {{I}}. {{Nonperturbative}} Approach to the Calculation of Spectra},
  author = {Man\v cal, Tom\'a\v s and Pisliakov, Andrei V. and Fleming, Graham R.},
  date = {2006-06-21},
  journaltitle = {The Journal of Chemical Physics},
  volume = {124},
  number = {23},
  pages = {234504},
  issn = {0021-9606, 1089-7690},
  url = {https://pubs.aip.org/jcp/article/124/23/234504/930650/},
  language = {en}
}
% == BibLateX quality report for mancaletal2006twodimensionalopticalthreepulse:
% 'issn': not a valid ISSN
% ? unused Library catalog ("“PDF.” n.d. Accessed February 7, 2025. https://watermark.silverchair.com/234504_1_online.pdf?token=AQECAHi208BE49Ooan9kkhW_Ercy7Dm3ZL_9Cf3qfKAc485ysgAAB5cwggeTBgkqhkiG9w0BBwagggeEMIIHgAIBADCCB3kGCSqGSIb3DQEHATAeBglghkgBZQMEAS4wEQQM82brm5qeyRpVxTGpAgEQgIIHSox1LefU0tIR75-tTWvLmu4QvksG_lBQp9BBTB_B-7ssD4MDncm6B2Lg05Esgr7r58buOpq-fLk0ncyJhqhDK3AjrvmjMPWvFSMu2fqP6CzSenHtYdDTEHOdFwEPge4pUJlK4oQ9urSEBEGCHnFTgVnyW99vMAQ3vA3lcGFkxXMarPCtJKknKSeaYJUDfA1kvapmaQY7fTDXxCJN7NhQmBkTF3ipCli_3mmsspJ_a85cUZwIMRlrC3K2hAacrN4xnoQE_2O7c5AvaK52XRmu9UJeIciFqgFmjXf6gL-ITzIlWrRp83aNUISb-Ez-LEKAxrRp_JgaPByphnSou1oi9FpcLxj5q63aqQ3ZThvp9iW-xic1h8TtmYHel3W_mPTtRI7rnjxBs2WjSIWcNfIp-5MI38j8FBs7HkoVSZoXVKJF9Ue2igfTrmI3Ingyvw6cKElflSLsUnnYQu0fbKuXTfEUDY2qBoAdFueOxePGPcN4DfiAB8USUtlM6_QXgMSjgyzealSZm3F5n0-oQgCUSpOBBcrg13FaeyeSBUSGswbzAJelPMge6xoj9eK5w8QgH1VBsZ7hAxCJbHtXr66bdwlIOwiMWrHbps56BWKP38uiffhhmsXR9GC85uDRVpK0nrzBZFe82f2Ro5Mk7Znpvtsxoq0kZgNuvlwCnLoKU-cweir3zWyhVxRm2I7I8md-LwH73YTgT-DF1q4EVKq3-uyE6p0d85Takk-JkqDQHH1Qb_7WEhuoeAQ18Arqf5B6vO2EDWMFKdeVXuHriuxr3AHaZuH2Xg0z6n-ffeVXLPUnt1hbF8GMprb6eOO08I4xZ01rvbJDhhAgeqpMrYmOjhU1WiE-R-t3xHap8BHWDSvCjGDxWklXtMWzPw9w8_G32PiLLPtPuG_6GcfcHs4cy3aq25iB6axrxomU_Df2lYeWFCCTp2cMW0HAGFcDCVltKbdheebmw7BUCgVJcppteR4FXtg4pFJw7WvQekA47dVmIwSNLUcteEAvmOmr5ss90M180Z_WZYPnFIMykbim4TuWCRgmTjrXEJ1lSzSf2dn02Fp0cSFjEWgjrY6ZSqo2qhcEWbup6X7S6oN4vqXB-72AJQagF3sNmh6chEvicu3MfYuEW0GPQmomnUA1PgVczk9tM4ZzNLJUkJoI_7ooiibPo40v-ArqQaj3pV7g2pB3jNtNvd4GJbw-N2_cMTZBsIIppB48vd3u6WKBPXja9zcqyCGTJiDj6eS_3HBDIUT8OFVCygvJk7MlrfeRBdcDj6AoeT_xk7iGOcHl2LIDj4SnUo8k9aDoVea62U8Wj0dwgPr7APi-UtZDWq5PdtiXoplWosMw2KAwDxGCk4W3noWP_tqAaLMe-NgxezteQ49XUtOQIkd8TaRSIFdg8iSHhWjikZt-NFyRsMfLfNn-KAJ5AIDCRQf8RaqqoqhdefEzZseMs8PCJn386-gkUFpz0iX2O7s9ibgdr1ALoXoH1IZAS97GFJNVrxgRqdKn-Qra0afKM4vz6WIh7cf0jwvs64hbet6Fbt6V_N3VhItPZY2IeDK0bN3mBaGTkNn6ARuoJ-aaeVWaxZg4CIxnXBAs_tww6VMl3_IZF8f0I4VhuKlKmbQ6A5kyaHfh2fw0wqKcSmtRvIbKqqJ058x9zWwWQGkvVnSDhsPv6KbVRX5h7MYFL4mPb9jozmJnaWRdV58dJTOq_ZYn_XRU1rEFLvFpqzReq0JyToQw6s8AmMvAPZIpqBcYceRMeLZTtrNZn6xVL9ALEkTnBXNAwzaxNzKLRntSYriY15-8cOvu061At9dTSSH6fonengXawCYmgWtmU92CxDM7wtC0RAibKS8qFvWUeoNQABDF_1Imvd1Ra-ITm6LVg3VyRHkSg2us3SiMN1g-fKQABLwWJ91A-5yAHk4TD2Dnjz4Q5otVcuBpvqpzOGDQR4V8IihKwOKmF_3eDdI4Ctof8q_Z_bV1xhggVdomxRsYaZIfC0aMOzEBpNWVjzFyRP97C1rmc8ekNbdAQjhUGI1o428HIkUJcNO8KgOAl-GCNKIf1NVmVOPeAtYWJ5JeGFv5Q9m9GK7Vg7mOj4lF0ZHiEPOyZuOB52MeKEGRDcOWSki5Uil_5vSyUfe76SQdl7vuEtEZ__xRmo-8_01LIG9QOxVH1G_DnmxRE87z0NjtPbDzXQDGNJcNVipVVUpXlVxgUkZzh58ytbllhdPSC3qHjCntrUa_lbMbqT3lE4Vt06n0VWQUd-KQ1sx6QN9phGjqY-PHG-cy12ZlgDlcak-WGXQvoXLOThKz6z8HJ6DkLUWZtqdyMtOVgQRerPsnqIRM-FtK1pIqI255VxkVqtJOvNb0urv_XDHc8zac8XRB5CieTOpW1ZG5b0VB3uGltHxBNl12rJrOijwlFIHQ6ZiMM9p6NmpmXe1tr1AYjbEVhjErUONIyVGf_JBJZOkeQbec5bEuoRM6HmiSTv149AGAZpUOXw.")

@book{mandelwolf1995opticalcoherencequantum,
  title = {Optical {{Coherence}} and {{Quantum Optics}}},
  author = {Mandel, Leonard and Wolf, Emil},
  date = {1995},
  publisher = {Cambridge University Press},
  location = {Cambridge},
  doi = {10.1017/CBO9781139644105},
  url = {https://www.cambridge.org/core/books/optical-coherence-and-quantum-optics/F8CB94C70FA64CD3FB60890CA2048168},
  isbn = {978-0-521-41711-2}
}
% == BibLateX quality report for mandelwolf1995opticalcoherencequantum:
% ? Title looks like it was stored in title-case in Zotero

@article{manzano2020shortintroductionlindblad,
  title = {A Short Introduction to the {{Lindblad}} Master Equation},
  author = {Manzano, Daniel},
  date = {2020-02},
  journaltitle = {AIP Adv.},
  volume = {10},
  number = {2},
  pages = {025106},
  publisher = {AIP Publishing},
  issn = {2158-3226},
  doi = {10.1063/1.5115323},
  url = {http://dx.doi.org/10.1063/1.5115323}
}
% == BibLateX quality report for manzano2020shortintroductionlindblad:
% Unexpected field 'publisher'
% ? Possibly abbreviated journal title AIP Adv.
% ? unused Library catalog ("DOI.org (Crossref)")

@article{manzanohurtado2018harnessingsymmetrycontrol,
  title = {Harnessing Symmetry to Control Quantum Transport},
  author = {Manzano, D. and Hurtado, P. I.},
  date = {2018-01-02},
  journaltitle = {Adv. Phys.},
  volume = {67},
  number = {1},
  eprint = {1707.07895},
  eprinttype = {arXiv},
  eprintclass = {cond-mat},
  pages = {1--67},
  issn = {0001-8732, 1460-6976},
  doi = {10.1080/00018732.2018.1519981},
  url = {http://arxiv.org/abs/1707.07895},
  language = {en}
}
% == BibLateX quality report for manzanohurtado2018harnessingsymmetrycontrol:
% 'issn': not a valid ISSN
% ? Possibly abbreviated journal title Adv. Phys.
% ? unused Publication title ("Advances in Physics")

@online{marquardtputtmann2008introductiondissipationdecoherence,
  title = {Introduction to Dissipation and Decoherence in Quantum Systems},
  author = {Marquardt, Florian and P\"uttmann, Annett},
  date = {2008-09-25},
  eprint = {0809.4403},
  eprinttype = {arXiv},
  eprintclass = {quant-ph},
  doi = {10.48550/arXiv.0809.4403},
  url = {http://arxiv.org/abs/0809.4403},
  language = {en}
}
% == BibLateX quality report for marquardtputtmann2008introductiondissipationdecoherence:
% ? unused Number ("arXiv:0809.4403")

@online{martin2020quantumfeedbackmeasurement,
  title = {Quantum Feedback for Measurement and Control},
  author = {Martin, Leigh S.},
  date = {2020-04-21},
  eprint = {2004.09766},
  eprinttype = {arXiv},
  eprintclass = {quant-ph},
  doi = {10.48550/arXiv.2004.09766},
  url = {http://arxiv.org/abs/2004.09766},
  language = {en}
}
% == BibLateX quality report for martin2020quantumfeedbackmeasurement:
% ? unused Number ("arXiv:2004.09766")

@article{martinschwinger1959theorymanyparticlesystems,
  title = {Theory of Many-Particle Systems. {{I}}},
  author = {Martin, Paul C. and Schwinger, Julian},
  date = {1959-09-15},
  journaltitle = {Phys. Rev.},
  volume = {115},
  number = {6},
  pages = {1342--1373},
  publisher = {American Physical Society},
  doi = {10.1103/PhysRev.115.1342},
  url = {https://link.aps.org/doi/10.1103/PhysRev.115.1342},
  language = {en}
}
% == BibLateX quality report for martinschwinger1959theorymanyparticlesystems:
% Unexpected field 'publisher'
% ? Possibly abbreviated journal title Phys. Rev.
% ? unused Library catalog ("APS")
% ? unused Publication title ("Physical Review")

@article{masters2014pathsforstersresonance,
  title = {Paths to {{F\"orster}}'s Resonance Energy Transfer ({{FRET}}) Theory},
  author = {Masters, B.R.},
  date = {2014-02},
  journaltitle = {Eur. Phys. J. H},
  volume = {39},
  number = {1},
  pages = {87--139},
  issn = {2102-6459, 2102-6467},
  doi = {10.1140/epjh/e2013-40007-9},
  url = {http://link.springer.com/10.1140/epjh/e2013-40007-9},
  language = {en}
}
% == BibLateX quality report for masters2014pathsforstersresonance:
% 'issn': not a valid ISSN
% ? Possibly abbreviated journal title Eur. Phys. J. H
% ? unused Library catalog ("DOI.org (Crossref)")
% ? unused Publication title ("The European Physical Journal H")

@article{mozgunovlidar2020completelypositivemaster,
  title = {Completely Positive Master Equation for Arbitrary Driving and Small Level Spacing},
  author = {Mozgunov, Evgeny and Lidar, Daniel},
  date = {2020-02-06},
  journaltitle = {Quantum},
  volume = {4},
  eprint = {1908.01095},
  eprinttype = {arXiv},
  eprintclass = {quant-ph},
  pages = {227},
  issn = {2521-327X},
  doi = {10.22331/q-2020-02-06-227},
  url = {http://arxiv.org/abs/1908.01095},
  language = {en}
}

@book{mukamel1995principlesnonlinearoptical,
  title = {Principles of {{Nonlinear Optical Spectroscopy}}},
  author = {Mukamel, Shaul},
  date = {1995},
  publisher = {Oxford University Press},
  location = {New York},
  isbn = {0-19-509278-3},
  pagetotal = {543}
}
% == BibLateX quality report for mukamel1995principlesnonlinearoptical:
% ? Title looks like it was stored in title-case in Zotero

@online{mukamelgroupbooks,
  title = {The Mukamel Group: Books},
  url = {https://mukamel.ps.uci.edu/books.html},
  language = {en}
}
% == BibLateX quality report for mukamelgroupbooks:
% Exactly one of 'date' / 'year' must be present

@article{nepomechie1999spinchainprimer,
  title = {A Spin Chain Primer},
  author = {Nepomechie, Rafael I.},
  date = {1999-10-10},
  journaltitle = {Int. J. Modern Phys. B},
  volume = {13},
  eprint = {hep-th/9810032},
  eprinttype = {arXiv},
  pages = {2973--2985},
  issn = {0217-9792, 1793-6578},
  doi = {10.1142/S0217979299002800},
  url = {http://arxiv.org/abs/hep-th/9810032},
  issue = {24n25},
  language = {en}
}
% == BibLateX quality report for nepomechie1999spinchainprimer:
% 'issn': not a valid ISSN
% ? Possibly abbreviated journal title Int. J. Modern Phys. B
% ? unused Publication title ("International Journal of Modern Physics B")

@article{nothlingetal2025accuracyapproximatemethods,
  title = {Accuracy of Approximate Methods for the Calculation of Fluorescence-Type Linear Spectra with a Complex System--Bath Coupling},
  author = {N\"othling, J. A. and Man\v cal, Tom\'a\v s and Kr\"uger, T. P. J.},
  date = {2025-01-08},
  journaltitle = {J. Chem. Phys.},
  volume = {162},
  number = {2},
  pages = {24102},
  issn = {0021-9606},
  doi = {10.1063/5.0242756},
  url = {https://doi.org/10.1063/5.0242756},
  language = {en}
}
% == BibLateX quality report for nothlingetal2025accuracyapproximatemethods:
% ? Possibly abbreviated journal title J. Chem. Phys.
% ? unused Library catalog ("Silverchair")
% ? unused Publication title ("Journal of Chemical Physics")

@article{palmnalbach2019dephasingrelaxationalpolarized,
  ids = {PalmNalbach2019DephasingRelaxationalPolarizeda},
  title = {Dephasing and Relaxational Polarized Sub-Ohmic Baths Acting on a Two-Level System},
  author = {Palm, T. and Nalbach, P.},
  date = {2019-06-18},
  journaltitle = {J. Chem. Phys.},
  volume = {150},
  number = {23},
  pages = {234108},
  issn = {0021-9606},
  doi = {10.1063/1.5098467},
  url = {https://doi.org/10.1063/1.5098467},
  language = {en}
}
% == BibLateX quality report for palmnalbach2019dephasingrelaxationalpolarized:
% ? Possibly abbreviated journal title J. Chem. Phys.
% ? unused Library catalog ("Silverchair")
% ? unused Publication title ("Journal of Chemical Physics")

@article{pisliakovetal2006twodimensionalopticalthreepulse,
  title = {Two-Dimensional Optical Three-Pulse Photon Echo Spectroscopy. {{II}}. {{Signatures}} of Coherent Electronic Motion and Exciton Population Transfer in Dimer Two-Dimensional Spectra},
  author = {Pisliakov, Andrei V. and Man\v cal, Tom\'a\v s and Fleming, Graham R.},
  date = {2006-06-21},
  journaltitle = {J. Chem. Phys.},
  volume = {124},
  number = {23},
  pages = {234505},
  issn = {0021-9606, 1089-7690},
  doi = {10.1063/1.2200705},
  url = {https://pubs.aip.org/jcp/article/124/23/234505/930637/},
  language = {en}
}
% == BibLateX quality report for pisliakovetal2006twodimensionalopticalthreepulse:
% 'issn': not a valid ISSN
% ? Possibly abbreviated journal title J. Chem. Phys.
% ? unused Library catalog ("DOI.org (Crossref)")
% ? unused Publication title ("Journal of Chemical Physics")

@book{protopopov2009laserheterodyning,
  title = {Laser Heterodyning},
  author = {Protopopov, Vladimir V.},
  date = {2009},
  series = {Springer {{Series}} in {{Optical Sciences}}},
  volume = {149},
  publisher = {Springer Berlin Heidelberg},
  location = {Berlin, Heidelberg},
  doi = {10.1007/978-3-642-02338-5},
  url = {https://link.springer.com/10.1007/978-3-642-02338-5},
  isbn = {978-3-642-02337-8 978-3-642-02338-5},
  language = {en}
}
% == BibLateX quality report for protopopov2009laserheterodyning:
% 'isbn': not a valid ISBN
% ? unused Library catalog ("DOI.org (Crossref)")

@article{purilawande1979exactsteadystatedensity,
  title = {Exact Steady-State Density Operator for a Collective Atomic System in an External Field},
  author = {Puri, R.R. and Lawande, S.V.},
  date = {1979-07},
  journaltitle = {Phys. Lett. A},
  volume = {72},
  number = {3},
  pages = {200--202},
  issn = {03759601},
  doi = {10.1016/0375-9601(79)90003-3},
  url = {https://linkinghub.elsevier.com/retrieve/pii/0375960179900033},
  language = {en}
}
% == BibLateX quality report for purilawande1979exactsteadystatedensity:
% ? Possibly abbreviated journal title Phys. Lett. A
% ? unused Library catalog ("DOI.org (Crossref)")
% ? unused Publication title ("Physics Letters A")

@online{quantumdissipativesystems,
  title = {Quantum Dissipative Systems},
  url = {https://www.worldscientific.com/doi/epdf/10.1142/8334},
  language = {en}
}
% == BibLateX quality report for quantumdissipativesystems:
% Exactly one of 'date' / 'year' must be present

@online{rao2018overviewsecondthird,
  title = {Overview on Second and Third Order Optical Nonlinear Processes},
  author = {Rao, A. Srinivasa},
  date = {2018-01-26},
  eprint = {1612.09399},
  eprinttype = {arXiv},
  eprintclass = {physics},
  doi = {10.48550/arXiv.1612.09399},
  url = {http://arxiv.org/abs/1612.09399},
  language = {en}
}
% == BibLateX quality report for rao2018overviewsecondthird:
% ? unused Number ("arXiv:1612.09399")

@incollection{redfield1965theoryrelaxationprocesses,
  title = {The Theory of Relaxation Processes},
  booktitle = {Advances in {{Magnetic}} and {{Optical Resonance}}},
  author = {Redfield, A.G.},
  date = {1965},
  volume = {1},
  pages = {1--32},
  publisher = {Elsevier},
  doi = {10.1016/B978-1-4832-3114-3.50007-6},
  url = {https://linkinghub.elsevier.com/retrieve/pii/B9781483231143500076},
  isbn = {978-1-4832-3114-3},
  language = {en}
}
% == BibLateX quality report for redfield1965theoryrelaxationprocesses:
% Missing required field 'editor'
% ? unused Library catalog ("DOI.org (Crossref)")

@article{ritscheleisfeld2014analyticrepresentationsbath,
  title = {Analytic Representations of Bath Correlation Functions for Ohmic and Superohmic Spectral Densities Using Simple Poles},
  author = {Ritschel, Gerhard and Eisfeld, Alexander},
  date = {2014-09-07},
  journaltitle = {J. Chem. Phys.},
  volume = {141},
  number = {9},
  pages = {94101},
  issn = {0021-9606, 1089-7690},
  doi = {10.1063/1.4893931},
  url = {https://pubs.aip.org/jcp/article/141/9/094101/193990/Analytic-representations-of-bath-correlation},
  language = {en}
}
% == BibLateX quality report for ritscheleisfeld2014analyticrepresentationsbath:
% 'issn': not a valid ISSN
% ? Possibly abbreviated journal title J. Chem. Phys.
% ? unused Library catalog ("DOI.org (Crossref)")
% ? unused Publication title ("Journal of Chemical Physics")

@article{rivasetal2010markovianmasterequations,
  title = {Markovian Master Equations: A Critical Study},
  author = {Rivas, \'Angel and K Plato, A Douglas and Huelga, Susana F and B Plenio, Martin},
  date = {2010-11},
  journaltitle = {New Journal of Physics},
  volume = {12},
  number = {11},
  pages = {113032},
  doi = {10.1088/1367-2630/12/11/113032},
  url = {https://dx.doi.org/10.1088/1367-2630/12/11/113032}
}

@article{rivasetal2014quantumnonmarkovianitycharacterization,
  title = {Quantum Non-Markovianity: Characterization, Quantification and Detection},
  shorttitle = {Quantum Non-Markovianity},
  author = {Rivas, \'Angel and Huelga, Susana F. and Plenio, Martin B.},
  date = {2014},
  publisher = {arXiv},
  doi = {10.48550/ARXIV.1405.0303},
  url = {https://arxiv.org/abs/1405.0303},
  language = {en},
  version = {2}
}
% == BibLateX quality report for rivasetal2014quantumnonmarkovianitycharacterization:
% Unexpected field 'publisher'
% Missing required field 'journaltitle'
% ? unused Library catalog ("DOI.org (Datacite)")

@article{roccatietal2024hermitiannonhermitiantopology,
  title = {Hermitian and Non-{{Hermitian}} Topology from Photon-Mediated Interactions},
  author = {Roccati, Federico and Bello, Miguel and Gong, Zongping and Ueda, Masahito and Ciccarello, Francesco and Chenu, Aur\'elia and Carollo, Angelo},
  date = {2024-03-16},
  journaltitle = {Nat Commun},
  volume = {15},
  number = {1},
  pages = {2400},
  publisher = {Nature Publishing Group},
  issn = {2041-1723},
  doi = {10.1038/s41467-024-46471-w},
  url = {https://www.nature.com/articles/s41467-024-46471-w},
  language = {en}
}
% == BibLateX quality report for roccatietal2024hermitiannonhermitiantopology:
% Unexpected field 'publisher'
% ? unused Library catalog ("www.nature.com")
% ? unused Publication title ("Nature Communications")

@article{rodenetal2012accountingintramolecularvibrational,
  title = {Accounting for Intra-Molecular Vibrational Modes in Open Quantum System Description of Molecular Systems},
  author = {Roden, Jan and Strunz, Walter T. and Whaley, K. Birgitta and Eisfeld, Alexander},
  date = {2012-11-26},
  journaltitle = {J. Chem. Phys.},
  volume = {137},
  number = {20},
  pages = {204110},
  issn = {0021-9606},
  doi = {10.1063/1.4765329},
  url = {https://doi.org/10.1063/1.4765329},
  language = {en}
}
% == BibLateX quality report for rodenetal2012accountingintramolecularvibrational:
% ? Possibly abbreviated journal title J. Chem. Phys.
% ? unused Library catalog ("Silverchair")
% ? unused Publication title ("Journal of Chemical Physics")

@online{rupprechtetal2025tracinglonglivedatomic,
  title = {Tracing Long-Lived Atomic Coherences Generated via Molecular Conical Intersections},
  author = {Rupprecht, Patrick and Montorsi, Francesco and Xu, Lei and Puskar, Nicolette G. and Garavelli, Marco and Mukamel, Shaul and Govind, Niranjan and Neumark, Daniel M. and Keefer, Daniel and Leone, Stephen R.},
  date = {2025-04-14},
  eprint = {2504.10674},
  eprinttype = {arXiv},
  eprintclass = {physics},
  doi = {10.48550/arXiv.2504.10674},
  url = {http://arxiv.org/abs/2504.10674},
  language = {en}
}
% == BibLateX quality report for rupprechtetal2025tracinglonglivedatomic:
% ? unused Number ("arXiv:2504.10674")

@article{saito2003strongevidencenormal,
  title = {Strong Evidence of Normal Heat Conduction in a One-Dimensional Quantum System},
  author = {Saito, K},
  date = {2003-01},
  journaltitle = {Europhys. Lett.},
  volume = {61},
  number = {1},
  pages = {34--40},
  issn = {0295-5075, 1286-4854},
  doi = {10.1209/epl/i2003-00241-3},
  url = {https://iopscience.iop.org/article/10.1209/epl/i2003-00241-3},
  language = {en}
}
% == BibLateX quality report for saito2003strongevidencenormal:
% 'issn': not a valid ISSN
% ? Possibly abbreviated journal title Europhys. Lett.
% ? unused Library catalog ("DOI.org (Crossref)")
% ? unused Publication title ("Europhysics Letters (EPL)")

@article{sawantrangwala2017lasingdrivenatomscavity,
  title = {Lasing by Driven Atoms-Cavity System in Collective Strong Coupling Regime},
  author = {Sawant, Rahul and Rangwala, S. A.},
  date = {2017-09-12},
  journaltitle = {Sci Rep},
  volume = {7},
  number = {1},
  pages = {11432},
  publisher = {Nature Publishing Group},
  issn = {2045-2322},
  doi = {10.1038/s41598-017-11799-5},
  url = {https://www.nature.com/articles/s41598-017-11799-5},
  language = {en}
}
% == BibLateX quality report for sawantrangwala2017lasingdrivenatomscavity:
% Unexpected field 'publisher'
% ? unused Library catalog ("www.nature.com")
% ? unused Publication title ("Scientific Reports")

@article{schlau-cohenetal2011twodimensionalelectronicspectroscopy,
  title = {Two-Dimensional Electronic Spectroscopy and Photosynthesis: Fundamentals and Applications to Photosynthetic Light-Harvesting},
  shorttitle = {Two-Dimensional Electronic Spectroscopy and Photosynthesis},
  author = {Schlau-Cohen, Gabriela S. and Ishizaki, Akihito and Fleming, Graham R.},
  date = {2011-07-28},
  journaltitle = {Chem. Phys.},
  volume = {386},
  number = {1},
  pages = {1--22},
  issn = {0301-0104},
  doi = {10.1016/j.chemphys.2011.04.025},
  url = {https://www.sciencedirect.com/science/article/pii/S0301010411001443},
  language = {en}
}
% == BibLateX quality report for schlau-cohenetal2011twodimensionalelectronicspectroscopy:
% ? Possibly abbreviated journal title Chem. Phys.
% ? unused Library catalog ("ScienceDirect")
% ? unused Publication title ("Chemical Physics")

@book{schmied2020usingmathematicaquantum,
  title = {Using Mathematica for Quantum Mechanics: A Student's Manual},
  shorttitle = {Using Mathematica for Quantum Mechanics},
  author = {Schmied, Roman},
  date = {2020},
  eprint = {1403.7050},
  eprinttype = {arXiv},
  eprintclass = {quant-ph},
  doi = {10.1007/978-981-13-7588-0},
  url = {http://arxiv.org/abs/1403.7050},
  language = {en}
}

@article{scholaketal2011efficientcoherentexcitation,
  title = {Efficient and Coherent Excitation Transfer across Disordered Molecular Networks},
  author = {Scholak, Torsten and De Melo, Fernando and Wellens, Thomas and Mintert, Florian and Buchleitner, Andreas},
  date = {2011-02-22},
  journaltitle = {Phys. Rev. E},
  volume = {83},
  number = {2},
  pages = {21912},
  issn = {1539-3755, 1550-2376},
  doi = {10.1103/PhysRevE.83.021912},
  url = {https://link.aps.org/doi/10.1103/PhysRevE.83.021912},
  language = {en}
}
% == BibLateX quality report for scholaketal2011efficientcoherentexcitation:
% 'issn': not a valid ISSN
% ? Possibly abbreviated journal title Phys. Rev. E
% ? unused Library catalog ("DOI.org (Crossref)")
% ? unused Publication title ("Physical Review E")

@article{segarra-martietal2018accuratesimulationtwodimensional,
  title = {Towards {{Accurate Simulation}} of {{Two-Dimensional Electronic Spectroscopy}}},
  author = {Segarra-Mart\'i, Javier and Mukamel, Shaul and Garavelli, Marco and Nenov, Artur and Rivalta, Ivan},
  date = {2018},
  journaltitle = {Topics in Current Chemistry},
  volume = {376},
  number = {3},
  pages = {24},
  issn = {2364-8961},
  doi = {10.1007/s41061-018-0201-8},
  url = {https://doi.org/10.1007/s41061-018-0201-8}
}
% == BibLateX quality report for segarra-martietal2018accuratesimulationtwodimensional:
% ? Title looks like it was stored in title-case in Zotero

@book{sewell2020quantummechanicsits,
  title = {Quantum Mechanics and Its Emergent Macrophysics},
  author = {Sewell, Geoffrey L.},
  date = {2020-11-10},
  publisher = {Princeton University Press},
  doi = {10.1515/9780691221274},
  url = {https://www.degruyterbrill.com/document/doi/10.1515/9780691221274/html},
  isbn = {978-0-691-22127-4},
  language = {en}
}
% == BibLateX quality report for sewell2020quantummechanicsits:
% ? unused Library catalog ("www.degruyterbrill.com")

@online{steebhardy2018problemssolutionsquantum,
  title = {Problems and Solutions in Quantum Computing and Quantum Information},
  author = {Steeb, Willi-Hans and Hardy, Yorick},
  date = {2018},
  url = {https://www.worldscientific.com/worldscibooks/10.1142/10943},
  language = {en}
}

@online{sunetal2024twodimensionalspectroscopyopen,
  title = {Two-Dimensional Spectroscopy of Open Quantum Systems},
  author = {Sun, Haoran and Harbola, Upendra and Mukamel, Shaul and Galperin, Michael},
  date = {2024-12-14},
  eprint = {2412.10931},
  eprinttype = {arXiv},
  eprintclass = {cond-mat},
  doi = {10.48550/arXiv.2412.10931},
  url = {http://arxiv.org/abs/2412.10931}
}
% == BibLateX quality report for sunetal2024twodimensionalspectroscopyopen:
% ? unused Number ("arXiv:2412.10931")

@article{tanimura2020numericallyexactapproach,
  title = {Numerically "Exact" Approach to Open Quantum Dynamics: The Hierarchical Equations of Motion ({{HEOM}})},
  shorttitle = {Numerically "Exact" Approach to Open Quantum Dynamics},
  author = {Tanimura, Yoshitaka},
  date = {2020-07-14},
  journaltitle = {J. Chem. Phys.},
  volume = {153},
  number = {2},
  eprint = {32668942},
  eprinttype = {pubmed},
  pages = {20901},
  issn = {1089-7690},
  doi = {10.1063/5.0011599},
  language = {en}
}
% == BibLateX quality report for tanimura2020numericallyexactapproach:
% ? Possibly abbreviated journal title J. Chem. Phys.
% ? unused Publication title ("Journal of Chemical Physics")

@article{tanimuramukamel1993twodimensionalfemtosecondvibrational,
  title = {Two-dimensional Femtosecond Vibrational Spectroscopy of Liquids},
  author = {Tanimura, Yoshitaka and Mukamel, Shaul},
  date = {1993-12-15},
  journaltitle = {J. Chem. Phys.},
  volume = {99},
  number = {12},
  pages = {9496--9511},
  issn = {0021-9606},
  doi = {10.1063/1.465484},
  url = {https://doi.org/10.1063/1.465484},
  language = {en}
}
% == BibLateX quality report for tanimuramukamel1993twodimensionalfemtosecondvibrational:
% ? Possibly abbreviated journal title J. Chem. Phys.
% ? unused Library catalog ("Silverchair")
% ? unused Publication title ("Journal of Chemical Physics")

@article{thingnasteadystatetransportproperties,
  title = {Steady-State Transport Properties of Anharmonic Systems},
  author = {Thingna, Juzar},
  language = {en}
}
% == BibLateX quality report for thingnasteadystatetransportproperties:
% Exactly one of 'date' / 'year' must be present
% Missing required field 'journaltitle'
% ? unused Library catalog ("Zotero")

@article{tianetal2003femtosecondphasecoherenttwodimensional,
  title = {Femtosecond Phase-Coherent Two-Dimensional Spectroscopy},
  author = {Tian, Peifang and Keusters, Dorine and Suzaki, Yoshifumi and Warren, Warren S.},
  date = {2003-06-06},
  journaltitle = {Science},
  volume = {300},
  number = {5625},
  pages = {1553--1555},
  publisher = {American Association for the Advancement of Science},
  doi = {10.1126/science.1083433},
  url = {https://www.science.org/doi/10.1126/science.1083433},
  language = {en}
}
% == BibLateX quality report for tianetal2003femtosecondphasecoherenttwodimensional:
% Unexpected field 'publisher'
% ? unused Library catalog ("science.org (Atypon)")

@article{tiwarietal2018spatiallyresolvedfluorescencedetectedtwodimensional,
  title = {Spatially-Resolved Fluorescence-Detected Two-Dimensional Electronic Spectroscopy Probes Varying Excitonic Structure in Photosynthetic Bacteria},
  author = {Tiwari, Vivek and Matutes, Yassel Acosta and Gardiner, Alastair T. and Jansen, Thomas L. C. and Cogdell, Richard J. and Ogilvie, Jennifer P.},
  date = {2018-10-11},
  journaltitle = {Nat. Commun.},
  volume = {9},
  eprint = {30310070},
  eprinttype = {pubmed},
  pages = {4219},
  issn = {2041-1723},
  doi = {10.1038/s41467-018-06619-x},
  url = {https://www.ncbi.nlm.nih.gov/pmc/articles/PMC6181999/},
  language = {en},
  pmcid = {PMC6181999}
}
% == BibLateX quality report for tiwarietal2018spatiallyresolvedfluorescencedetectedtwodimensional:
% Unexpected field 'pmcid'
% ? Possibly abbreviated journal title Nat. Commun.
% ? unused Library catalog ("PubMed Central")
% ? unused Publication title ("Nature Communications")

@online{twodimensionalelectronicspectroscopy,
  title = {Two-Dimensional Electronic Spectroscopy of the {{B800}}--{{B820}} Light-Harvesting Complex},
  doi = {10.1073/pnas.0602961103},
  url = {https://www.pnas.org/doi/10.1073/pnas.0602961103},
  language = {en}
}
% == BibLateX quality report for twodimensionalelectronicspectroscopy:
% Exactly one of 'date' / 'year' must be present

@book{ueda2024ultrafastelectronicstructural,
  title = {Ultrafast Electronic and Structural Dynamics},
  editor = {Ueda, Kiyoshi},
  date = {2024},
  publisher = {Springer Nature Singapore},
  location = {Singapore},
  doi = {10.1007/978-981-97-2914-2},
  url = {https://link.springer.com/10.1007/978-981-97-2914-2},
  isbn = {978-981-97-2913-5 978-981-97-2914-2},
  language = {en}
}
% == BibLateX quality report for ueda2024ultrafastelectronicstructural:
% Missing required field 'author'
% 'isbn': not a valid ISBN
% ? unused Library catalog ("DOI.org (Crossref)")

@video{veritasium2025strangemaththat,
  entrysubtype = {video},
  title = {The Strange Math That Predicts (Almost) Anything},
  editor = {{Veritasium}},
  editortype = {director},
  date = {2025-07-26},
  url = {https://www.youtube.com/watch?v=KZeIEiBrT_w},
  language = {en}
}
% == BibLateX quality report for veritasium2025strangemaththat:
% Unexpected field 'title'
% Unexpected field 'editor'
% Unexpected field 'editortype'
% Unexpected field 'language'
% ? unused Library catalog ("YouTube")
% ? unused Running time ("32:32")

@article{vogtetal2013stochasticblochredfieldtheory,
  title = {Stochastic Bloch-Redfield Theory: Quantum Jumps in a Solid-State Environment},
  shorttitle = {Stochastic Bloch-Redfield Theory},
  author = {Vogt, Nicolas and Jeske, Jan and Cole, Jared H.},
  date = {2013-11-19},
  journaltitle = {Phys. Rev. B},
  volume = {88},
  number = {17},
  pages = {174514},
  issn = {1098-0121, 1550-235X},
  doi = {10.1103/PhysRevB.88.174514},
  url = {https://link.aps.org/doi/10.1103/PhysRevB.88.174514},
  language = {en}
}
% == BibLateX quality report for vogtetal2013stochasticblochredfieldtheory:
% 'issn': not a valid ISSN
% ? Possibly abbreviated journal title Phys. Rev. B
% ? unused Library catalog ("DOI.org (Crossref)")
% ? unused Publication title ("Physical Review B")

@book{weiss2012quantumdissipativesystems,
  title = {Quantum Dissipative Systems},
  author = {Weiss, Ulrich},
  date = {2012-03},
  edition = {4},
  publisher = {WORLD SCIENTIFIC},
  doi = {10.1142/8334},
  url = {https://www.worldscientific.com/worldscibooks/10.1142/8334},
  isbn = {978-981-4374-91-0 978-981-4374-92-7},
  language = {en}
}
% == BibLateX quality report for weiss2012quantumdissipativesystems:
% 'isbn': not a valid ISBN
% ? unused Library catalog ("DOI.org (Crossref)")

@online{whatareenergy,
  title = {What Are the Energy/Time/Temperature... Units Used in {{QuTiP}}?},
  url = {https://groups.google.com/g/qutip/c/liXMPqWRP60?pli=1},
  language = {en}
}
% == BibLateX quality report for whatareenergy:
% Exactly one of 'date' / 'year' must be present

@article{wolfsederetal1997femtosecondpumpprobespectroscopy,
  title = {Femtosecond Pump-Probe Spectroscopy of Electron-Transfer Systems: A Nonperturbative Approach},
  shorttitle = {Femtosecond Pump-Probe Spectroscopy of Electron-Transfer Systems},
  author = {Wolfseder, Brigitte and Seidner, Luis and Stock, Gerhard and Domcke, Wolfgang},
  date = {1997-05-01},
  journaltitle = {Chem. Phys.},
  series = {Dynamics of {{Driven Quantum Systems}}},
  volume = {217},
  number = {2},
  pages = {275--287},
  issn = {0301-0104},
  doi = {10.1016/S0301-0104(97)00046-3},
  url = {https://www.sciencedirect.com/science/article/pii/S0301010497000463},
  language = {en}
}
% == BibLateX quality report for wolfsederetal1997femtosecondpumpprobespectroscopy:
% ? Possibly abbreviated journal title Chem. Phys.
% ? unused Library catalog ("ScienceDirect")
% ? unused Publication title ("Chemical Physics")


% The following packages could be loaded to get more precise latex output:
% * unicode-math
